<?xml version="1.0" encoding="UTF-8"?>
<!DOCTYPE html PUBLIC "-//W3C//DTD XHTML 1.0 Transitional//EN"
    "http://www.w3.org/TR/xhtml1/DTD/xhtml1-transitional.dtd">
<html xmlns="http://www.w3.org/1999/xhtml" xml:lang="en" lang="en">
 <head>
  <title>
</title>
<meta http-equiv="Content-Type" content="text/html;charset=utf-8" />
  <meta name='ocr-system' content='tesseract 3.04.00' />
  <meta name='ocr-capabilities' content='ocr_page ocr_carea ocr_par ocr_line ocrx_word'/>
</head>
<body>
  <div class='ocr_page' id='page_1' title='image "./ccorneliitaciti30tacigoog/ccorneliitaciti30tacigoog_0451.png"; bbox 0 0 3574 5878; ppageno 0'>
   <div class='ocr_carea' id='block_1_1' title="bbox 297 461 1139 535">
    <p class='ocr_par' dir='ltr' id='par_1_1' title="bbox 297 461 1139 535">
     <span class='ocr_line' id='line_1_1' title="bbox 297 461 1139 535; baseline -0.007 -1"><span class='ocrx_word' id='word_1_1' title='bbox 297 467 359 535; x_wconf 75' lang='lat' dir='ltr'><strong>bdd</strong></span> <span class='ocrx_word' id='word_1_2' title='bbox 794 463 984 532; x_wconf 81' lang='lat' dir='ltr'>CORNELII</span> <span class='ocrx_word' id='word_1_3' title='bbox 1004 461 1139 530; x_wconf 76' lang='lat' dir='ltr'><strong>iacnt</strong></span> 
     </span>
    </p>
   </div>
   <div class='ocr_carea' id='block_1_2' title="bbox 295 617 1644 938">
    <p class='ocr_par' dir='ltr' id='par_1_2' title="bbox 295 617 1644 938">
     <span class='ocr_line' id='line_1_2' title="bbox 297 617 1644 720; baseline -0.006 -28"><span class='ocrx_word' id='word_1_4' title='bbox 297 630 399 712; x_wconf 87' lang='lat' dir='ltr'><strong>ipsum</strong></span> <span class='ocrx_word' id='word_1_5' title='bbox 421 642 458 691; x_wconf 85' lang='lat' dir='ltr'><strong>ac</strong></span> <span class='ocrx_word' id='word_1_6' title='bbox 477 643 565 692; x_wconf 87' lang='lat' dir='ltr'><strong>mare</strong></span> <span class='ocrx_word' id='word_1_7' title='bbox 586 631 618 691; x_wconf 89' lang='lat' dir='ltr'><strong>et</strong></span> <span class='ocrx_word' id='word_1_8' title='bbox 632 623 745 702; x_wconf 79' lang='lat' dir='ltr'><strong>siluas,</strong></span> <span class='ocrx_word' id='word_1_9' title='bbox 767 625 875 720; x_wconf 84' lang='lat' dir='ltr'><strong>ignota</strong></span> <span class='ocrx_word' id='word_1_10' title='bbox 889 622 994 689; x_wconf 88' lang='lat' dir='ltr'><strong>omnis</strong></span> <span class='ocrx_word' id='word_1_11' title='bbox 1008 621 1323 710; x_wconf 76' lang='lat' dir='ltr'><strong>circumspectantes,</strong></span> <span class='ocrx_word' id='word_1_12' title='bbox 1347 619 1471 688; x_wconf 88' lang='lat' dir='ltr'><strong>clausos</strong></span> <span class='ocrx_word' id='word_1_13' title='bbox 1487 617 1644 705; x_wconf 71' lang='lat' dir='ltr'><strong>motam-</strong></span> 
     </span>
     <span class='ocr_line' id='line_1_3' title="bbox 296 733 1642 821; baseline -0.005 -16"><span class='ocrx_word' id='word_1_14' title='bbox 296 739 392 806; x_wconf 88' lang='lat' dir='ltr'><strong>modo</strong></span> <span class='ocrx_word' id='word_1_15' title='bbox 415 759 451 804; x_wconf 91' lang='lat' dir='ltr'><strong>ac</strong></span> <span class='ocrx_word' id='word_1_16' title='bbox 472 739 594 804; x_wconf 80' lang='lat' dir='ltr'><strong>vinctos</strong></span> <span class='ocrx_word' id='word_1_17' title='bbox 615 736 648 804; x_wconf 93' lang='lat' dir='ltr'><strong>di</strong></span> <span class='ocrx_word' id='word_1_18' title='bbox 670 735 761 803; x_wconf 89' lang='lat' dir='ltr'><strong>nobis</strong></span> <span class='ocrx_word' id='word_1_19' title='bbox 784 734 991 803; x_wconf 87' lang='lat' dir='ltr'><strong>tradiderunt.</strong></span> <span class='ocrx_word' id='word_1_20' title='bbox 1037 757 1077 804; x_wconf 90' lang='lat' dir='ltr'><strong>ne</strong></span> <span class='ocrx_word' id='word_1_21' title='bbox 1093 744 1213 802; x_wconf 86' lang='lat' dir='ltr'><strong>terreat</strong></span> <span class='ocrx_word' id='word_1_22' title='bbox 1226 755 1327 804; x_wconf 88' lang='lat' dir='ltr'><strong>vanus</strong></span> <span class='ocrx_word' id='word_1_23' title='bbox 1342 733 1510 821; x_wconf 87' lang='lat' dir='ltr'><strong>adspectus</strong></span> <span class='ocrx_word' id='word_1_24' title='bbox 1525 741 1559 799; x_wconf 89' lang='lat' dir='ltr'><strong>et</strong></span> <span class='ocrx_word' id='word_1_25' title='bbox 1572 737 1642 798; x_wconf 91' lang='lat' dir='ltr'><strong>auri</strong></span> 
     </span>
     <span class='ocr_line' id='line_1_4' title="bbox 295 845 1643 938; baseline -0.004 -20"><span class='ocrx_word' id='word_1_26' title='bbox 295 852 402 938; x_wconf 81' lang='lat' dir='ltr'><strong>fulgor</strong></span> <span class='ocrx_word' id='word_1_27' title='bbox 423 859 516 938; x_wconf 86' lang='lat' dir='ltr'><strong>atque</strong></span> <span class='ocrx_word' id='word_1_28' title='bbox 539 853 678 936; x_wconf 88' lang='lat' dir='ltr'><strong>argenti,</strong></span> <span class='ocrx_word' id='word_1_29' title='bbox 701 851 786 935; x_wconf 85' lang='lat' dir='ltr'><strong>quod</strong></span> <span class='ocrx_word' id='word_1_30' title='bbox 808 870 911 934; x_wconf 88' lang='lat' dir='ltr'><strong>neque</strong></span> <span class='ocrx_word' id='word_1_31' title='bbox 935 851 1012 935; x_wconf 89' lang='lat' dir='ltr'><strong>tegit</strong></span> <span class='ocrx_word' id='word_1_32' title='bbox 1033 869 1136 937; x_wconf 86' lang='lat' dir='ltr'><strong>neque</strong></span> <span class='ocrx_word' id='word_1_33' title='bbox 1158 848 1314 917; x_wconf 82' lang='lat' dir='ltr'><strong>voluerat.</strong></span> <span class='ocrx_word' id='word_1_34' title='bbox 1358 850 1393 914; x_wconf 88' lang='lat' dir='ltr'><strong>in</strong></span> <span class='ocrx_word' id='word_1_35' title='bbox 1413 847 1483 934; x_wconf 90' lang='lat' dir='ltr'><strong>ipsa</strong></span> <span class='ocrx_word' id='word_1_36' title='bbox 1505 845 1643 913; x_wconf 89' lang='lat' dir='ltr'><strong>boetium</strong></span> 
     </span>
    </p>
   </div>
   <div class='ocr_carea' id='block_1_3' title="bbox 239 961 1645 2172">
    <p class='ocr_par' dir='ltr' id='par_1_3' title="bbox 239 961 1645 2172">
     <span class='ocr_line' id='line_1_5' title="bbox 239 961 1644 1050; baseline -0.004 -19"><span class='ocrx_word' id='word_1_37' title='bbox 239 1031 242 1050; x_wconf 72' lang='grc'>,</span> <span class='ocrx_word' id='word_1_38' title='bbox 296 965 362 1031; x_wconf 88' lang='lat' dir='ltr'><strong>acic</strong></span> <span class='ocrx_word' id='word_1_39' title='bbox 383 965 580 1030; x_wconf 83' lang='lat' dir='ltr'><strong>inveniemus</strong></span> <span class='ocrx_word' id='word_1_40' title='bbox 602 971 726 1029; x_wconf 88' lang='lat' dir='ltr'><strong>nostrae</strong></span> <span class='ocrx_word' id='word_1_41' title='bbox 747 983 868 1029; x_wconf 89' lang='lat' dir='ltr'><strong>manus.</strong></span> <span class='ocrx_word' id='word_1_42' title='bbox 912 970 1084 1047; x_wconf 78' lang='lat' dir='ltr'><strong>agnoscent</strong></span> <span class='ocrx_word' id='word_1_43' title='bbox 1097 961 1240 1029; x_wconf 80' lang='lat' dir='ltr'><strong>Britanni</strong></span> <span class='ocrx_word' id='word_1_44' title='bbox 1256 983 1347 1029; x_wconf 89' lang='lat' dir='ltr'><strong>snam</strong></span> <span class='ocrx_word' id='word_1_45' title='bbox 1363 981 1511 1038; x_wconf 84' lang='lat' dir='ltr'><strong>causam,</strong></span> <span class='ocrx_word' id='word_1_46' title='bbox 1534 979 1644 1026; x_wconf 88' lang='lat' dir='ltr'><strong>recor-</strong></span> 
     </span>
     <span class='ocr_line' id='line_1_6' title="bbox 273 1073 1642 1163; baseline -0.001 -22"><span class='ocrx_word' id='word_1_47' title='bbox 273 1079 454 1149; x_wconf 67' lang='lat' dir='ltr'><strong>edabuntur</strong></span> <span class='ocrx_word' id='word_1_48' title='bbox 470 1076 548 1142; x_wconf 90' lang='lat' dir='ltr'><strong>Galli</strong></span> <span class='ocrx_word' id='word_1_49' title='bbox 561 1077 700 1163; x_wconf 83' lang='lat' dir='ltr'><strong>priorem</strong></span> <span class='ocrx_word' id='word_1_50' title='bbox 714 1073 911 1142; x_wconf 85' lang='lat' dir='ltr'><strong>libertatem:</strong></span> <span class='ocrx_word' id='word_1_51' title='bbox 938 1079 1084 1142; x_wconf 85' lang='lat' dir='ltr'><strong>deserent</strong></span> <span class='ocrx_word' id='word_1_52' title='bbox 1098 1076 1169 1143; x_wconf 92' lang='lat' dir='ltr'><strong>illos</strong></span> <span class='ocrx_word' id='word_1_53' title='bbox 1184 1076 1283 1142; x_wconf 88' lang='lat' dir='ltr'><strong>ceteri</strong></span> <span class='ocrx_word' id='word_1_54' title='bbox 1299 1073 1466 1152; x_wconf 79' lang='lat' dir='ltr'><strong>Germani,</strong></span> <span class='ocrx_word' id='word_1_55' title='bbox 1482 1081 1642 1160; x_wconf 73' lang='lat' dir='ltr'><strong>umquam</strong></span> 
     </span>
     <span class='ocr_line' id='line_1_7' title="bbox 296 1185 1642 1277; baseline -0.001 -22"><span class='ocrx_word' id='word_1_56' title='bbox 296 1211 399 1274; x_wconf 85' lang='lat' dir='ltr'><strong>nuper</strong></span> <span class='ocrx_word' id='word_1_57' title='bbox 420 1188 518 1275; x_wconf 91' lang='lat' dir='ltr'><strong>Usipii</strong></span> <span class='ocrx_word' id='word_1_58' title='bbox 538 1189 744 1277; x_wconf 81' lang='lat' dir='ltr'><strong>reliquerunt.</strong></span> <span class='ocrx_word' id='word_1_59' title='bbox 786 1191 1029 1276; x_wconf 88' lang='lat' dir='ltr'><strong>necquicquam</strong></span> <span class='ocrx_word' id='word_1_60' title='bbox 1044 1189 1126 1255; x_wconf 86' lang='lat' dir='ltr'><strong>ultre</strong></span> <span class='ocrx_word' id='word_1_61' title='bbox 1143 1187 1332 1256; x_wconf 80' lang='lat' dir='ltr'><strong>formidinis.</strong></span> <span class='ocrx_word' id='word_1_62' title='bbox 1377 1207 1477 1255; x_wconf 78' lang='lat' dir='ltr'><strong>vacua</strong></span> <span class='ocrx_word' id='word_1_63' title='bbox 1493 1185 1642 1264; x_wconf 64' lang='lat' dir='ltr'><strong>artaba,</strong></span> 
     </span>
     <span class='ocr_line' id='line_1_8' title="bbox 295 1301 1644 1389; baseline -0.002 -21"><span class='ocrx_word' id='word_1_64' title='bbox 295 1323 404 1369; x_wconf 89' lang='lat' dir='ltr'><strong>senum</strong></span> <span class='ocrx_word' id='word_1_65' title='bbox 425 1302 588 1380; x_wconf 91' lang='lat' dir='ltr'><strong>coloniae,</strong></span> <span class='ocrx_word' id='word_1_66' title='bbox 611 1304 693 1367; x_wconf 89' lang='lat' dir='ltr'><strong>inter</strong></span> <span class='ocrx_word' id='word_1_67' title='bbox 715 1303 798 1367; x_wconf 87' lang='lat' dir='ltr'><strong>male</strong></span> <span class='ocrx_word' id='word_1_68' title='bbox 812 1311 959 1388; x_wconf 86' lang='lat' dir='ltr'><strong>parantes</strong></span> <span class='ocrx_word' id='word_1_69' title='bbox 974 1311 1005 1368; x_wconf 90' lang='lat' dir='ltr'><strong>ei</strong></span> <span class='ocrx_word' id='word_1_70' title='bbox 1022 1303 1137 1368; x_wconf 91' lang='lat' dir='ltr'><strong>iniusta</strong></span> <span class='ocrx_word' id='word_1_71' title='bbox 1150 1302 1344 1387; x_wconf 87' lang='lat' dir='ltr'><strong>imperantes</strong></span> <span class='ocrx_word' id='word_1_72' title='bbox 1360 1321 1457 1389; x_wconf 87' lang='lat' dir='ltr'><strong>aegra</strong></span> <span class='ocrx_word' id='word_1_73' title='bbox 1470 1301 1644 1387; x_wconf 90' lang='lat' dir='ltr'><strong>municipia</strong></span> 
     </span>
     <span class='ocr_line' id='line_1_9' title="bbox 294 1414 1644 1491; baseline -0.001 -9"><span class='ocrx_word' id='word_1_74' title='bbox 294 1423 326 1482; x_wconf 88' lang='lat' dir='ltr'><strong>ct</strong></span> <span class='ocrx_word' id='word_1_75' title='bbox 347 1415 567 1482; x_wconf 88' lang='lat' dir='ltr'><strong>discordantis.</strong></span> <span class='ocrx_word' id='word_1_76' title='bbox 609 1415 662 1480; x_wconf 89' lang='lat' dir='ltr'><strong>hic</strong></span> <span class='ocrx_word' id='word_1_77' title='bbox 684 1420 768 1491; x_wconf 84' lang='lat' dir='ltr'><strong>dux,</strong></span> <span class='ocrx_word' id='word_1_78' title='bbox 793 1415 844 1480; x_wconf 91' lang='lat' dir='ltr'><strong>bic</strong></span> <span class='ocrx_word' id='word_1_79' title='bbox 866 1417 1043 1481; x_wconf 84' lang='lat' dir='ltr'><strong>exercitus:</strong></span> <span class='ocrx_word' id='word_1_80' title='bbox 1068 1414 1114 1482; x_wconf 91' lang='lat' dir='ltr'><strong>ibi</strong></span> <span class='ocrx_word' id='word_1_81' title='bbox 1136 1414 1251 1482; x_wconf 91' lang='lat' dir='ltr'><strong>tributa</strong></span> <span class='ocrx_word' id='word_1_82' title='bbox 1275 1424 1307 1481; x_wconf 90' lang='lat' dir='ltr'><strong>st</strong></span> <span class='ocrx_word' id='word_1_83' title='bbox 1328 1414 1456 1482; x_wconf 86' lang='lat' dir='ltr'><strong>metalla</strong></span> <span class='ocrx_word' id='word_1_84' title='bbox 1470 1421 1504 1480; x_wconf 85' lang='lat' dir='ltr'><strong>et</strong></span> <span class='ocrx_word' id='word_1_85' title='bbox 1518 1421 1644 1480; x_wconf 85' lang='lat' dir='ltr'><strong>ceterae</strong></span> 
     </span>
     <span class='ocr_line' id='line_1_10' title="bbox 294 1526 1644 1616; baseline -0.001 -21"><span class='ocrx_word' id='word_1_86' title='bbox 294 1531 497 1595; x_wconf 83' lang='lat' dir='ltr'><strong>servientium</strong></span> <span class='ocrx_word' id='word_1_87' title='bbox 519 1547 656 1616; x_wconf 89' lang='lat' dir='ltr'><strong>poenae,</strong></span> <span class='ocrx_word' id='word_1_88' title='bbox 690 1548 768 1614; x_wconf 90' lang='lat' dir='ltr'><strong>quae</strong></span> <span class='ocrx_word' id='word_1_89' title='bbox 789 1526 823 1593; x_wconf 93' lang='lat' dir='ltr'><strong>in</strong></span> <span class='ocrx_word' id='word_1_90' title='bbox 844 1537 1006 1595; x_wconf 85' lang='lat' dir='ltr'><strong>ueternum</strong></span> <span class='ocrx_word' id='word_1_91' title='bbox 1027 1528 1171 1616; x_wconf 85' lang='lat' dir='ltr'><strong>perterre</strong></span> <span class='ocrx_word' id='word_1_92' title='bbox 1193 1537 1247 1595; x_wconf 87' lang='lat' dir='ltr'><strong>aut</strong></span> <span class='ocrx_word' id='word_1_93' title='bbox 1268 1529 1372 1595; x_wconf 91' lang='lat' dir='ltr'><strong>statim</strong></span> <span class='ocrx_word' id='word_1_94' title='bbox 1394 1527 1505 1595; x_wconf 89' lang='lat' dir='ltr'><strong>ulcisci</strong></span> <span class='ocrx_word' id='word_1_95' title='bbox 1527 1527 1560 1593; x_wconf 94' lang='lat' dir='ltr'><strong>in</strong></span> <span class='ocrx_word' id='word_1_96' title='bbox 1581 1531 1644 1594; x_wconf 88' lang='lat' dir='ltr'><strong>boc</strong></span> 
     </span>
     <span class='ocr_line' id='line_1_11' title="bbox 255 1641 1642 1730; baseline 0.001 -24"><span class='ocrx_word' id='word_1_97' title='bbox 255 1663 285 1706; x_wconf 80' lang='lat' dir='ltr'><strong>sc</strong></span> <span class='ocrx_word' id='word_1_98' title='bbox 295 1661 404 1730; x_wconf 89' lang='lat' dir='ltr'><strong>campo</strong></span> <span class='ocrx_word' id='word_1_99' title='bbox 421 1652 479 1708; x_wconf 89' lang='lat' dir='ltr'><strong>esi.</strong></span> <span class='ocrx_word' id='word_1_100' title='bbox 525 1644 659 1727; x_wconf 83' lang='lat' dir='ltr'><strong>proinde</strong></span> <span class='ocrx_word' id='word_1_101' title='bbox 674 1641 749 1708; x_wconf 91' lang='lat' dir='ltr'><strong>ituri</strong></span> <span class='ocrx_word' id='word_1_102' title='bbox 764 1645 796 1708; x_wconf 90' lang='lat' dir='ltr'><strong>in</strong></span> <span class='ocrx_word' id='word_1_103' title='bbox 812 1641 910 1706; x_wconf 89' lang='lat' dir='ltr'><strong>aciem</strong></span> <span class='ocrx_word' id='word_1_104' title='bbox 927 1649 958 1708; x_wconf 91' lang='lat' dir='ltr'><strong>ct</strong></span> <span class='ocrx_word' id='word_1_105' title='bbox 974 1641 1110 1708; x_wconf 89' lang='lat' dir='ltr'><strong>maiores</strong></span> <span class='ocrx_word' id='word_1_106' title='bbox 1125 1649 1247 1709; x_wconf 76' lang='lat' dir='ltr'><strong>vestrm</strong></span> <span class='ocrx_word' id='word_1_107' title='bbox 1262 1649 1294 1708; x_wconf 87' lang='lat' dir='ltr'><strong>et</strong></span> <span class='ocrx_word' id='word_1_108' title='bbox 1308 1650 1457 1726; x_wconf 86' lang='lat' dir='ltr'><strong>posteros</strong></span> <span class='ocrx_word' id='word_1_109' title='bbox 1472 1644 1642 1727; x_wconf 79' lang='lat' dir='ltr'><strong>cogitate.»</strong></span> 
     </span>
     <span class='ocr_line' id='line_1_12' title="bbox 294 1752 1645 1846; baseline -0.002 -24"><span class='ocrx_word' id='word_1_110' title='bbox 294 1754 358 1842; x_wconf 81' lang='lat'>(3³)</span> <span class='ocrx_word' id='word_1_111' title='bbox 388 1775 542 1842; x_wconf 83' lang='lat' dir='ltr'><strong>excepere</strong></span> <span class='ocrx_word' id='word_1_112' title='bbox 563 1753 741 1820; x_wconf 83' lang='lat' dir='ltr'><strong>orationem</strong></span> <span class='ocrx_word' id='word_1_113' title='bbox 763 1756 900 1829; x_wconf 89' lang='lat' dir='ltr'><strong>alacres,</strong></span> <span class='ocrx_word' id='word_1_114' title='bbox 923 1765 959 1821; x_wconf 93' lang='lat' dir='ltr'><strong>ut</strong></span> <span class='ocrx_word' id='word_1_115' title='bbox 978 1752 1262 1846; x_wconf 27' lang='lat' dir='ltr'><strong>barbaris-moris,</strong></span> <span class='ocrx_word' id='word_1_116' title='bbox 1286 1763 1379 1823; x_wconf 90' lang='lat' dir='ltr'><strong>cantu</strong></span> <span class='ocrx_word' id='word_1_117' title='bbox 1398 1753 1592 1840; x_wconf 81' lang='lat' dir='ltr'><strong>fremituque</strong></span> <span class='ocrx_word' id='word_1_118' title='bbox 1613 1760 1645 1820; x_wconf 90' lang='lat' dir='ltr'><strong>at</strong></span> 
     </span>
     <span class='ocr_line' id='line_1_13' title="bbox 295 1849 1644 1953; baseline 0 -21"><span class='ocrx_word' id='word_1_119' title='bbox 295 1866 485 1935; x_wconf 82' lang='lat' dir='ltr'><strong>clamoribus</strong></span> <span class='ocrx_word' id='word_1_120' title='bbox 513 1867 661 1934; x_wconf 87' lang='lat' dir='ltr'><strong>dissonis.</strong></span> <span class='ocrx_word' id='word_1_121' title='bbox 706 1870 831 1953; x_wconf 87' lang='lat' dir='ltr'><strong>iamque</strong></span> <span class='ocrx_word' id='word_1_122' title='bbox 862 1849 1242 1952; x_wconf 70' lang='lat' dir='ltr'><strong>agmina‚&#39;&#39;ct‘&#39;arm0rum</strong></span> <span class='ocrx_word' id='word_1_123' title='bbox 1263 1867 1403 1953; x_wconf 78' lang='lat' dir='ltr'><strong>fulgores</strong></span> <span class='ocrx_word' id='word_1_124' title='bbox 1425 1866 1644 1935; x_wconf 87' lang='lat' dir='ltr'><strong>audentissimi</strong></span> 
     </span>
     <span class='ocr_line' id='line_1_14' title="bbox 293 1979 1645 2068; baseline 0.001 -22"><span class='ocrx_word' id='word_1_125' title='bbox 293 1983 444 2068; x_wconf 83' lang='lat' dir='ltr'><strong>cuiusque</strong></span> <span class='ocrx_word' id='word_1_126' title='bbox 472 2001 643 2067; x_wconf 88' lang='lat' dir='ltr'><strong>procursu:</strong></span> <span class='ocrx_word' id='word_1_127' title='bbox 674 1979 768 2046; x_wconf 86' lang='lat' dir='ltr'><strong>simul</strong></span> <span class='ocrx_word' id='word_1_128' title='bbox 796 1982 1014 2048; x_wconf 82' lang='lat' dir='ltr'><strong>instruebatur</strong></span> <span class='ocrx_word' id='word_1_129' title='bbox 1039 1981 1142 2058; x_wconf 84' lang='lat' dir='ltr'><strong>acics,</strong></span> <span class='ocrx_word' id='word_1_130' title='bbox 1172 2001 1245 2050; x_wconf 90' lang='lat' dir='ltr'><strong>cum</strong></span> <span class='ocrx_word' id='word_1_131' title='bbox 1272 1983 1421 2066; x_wconf 79' lang='lat' dir='ltr'><strong>Agricola</strong></span> <span class='ocrx_word' id='word_1_132' title='bbox 1449 2001 1645 2068; x_wconf 85' lang='lat' dir='ltr'><strong>quamquam</strong></span> 
     </span>
     <span class='ocr_line' id='line_1_15' title="bbox 295 2091 1644 2172; baseline 0 -12"><span class='ocrx_word' id='word_1_133' title='bbox 295 2095 410 2162; x_wconf 87' lang='lat' dir='ltr'><strong>laetum</strong></span> <span class='ocrx_word' id='word_1_134' title='bbox 440 2101 472 2161; x_wconf 88' lang='lat' dir='ltr'><strong>ct</strong></span> <span class='ocrx_word' id='word_1_135' title='bbox 501 2095 554 2161; x_wconf 85' lang='lat' dir='ltr'><strong>vix</strong></span> <span class='ocrx_word' id='word_1_136' title='bbox 582 2095 785 2160; x_wconf 86' lang='lat' dir='ltr'><strong>munimentis</strong></span> <span class='ocrx_word' id='word_1_137' title='bbox 808 2095 981 2160; x_wconf 70' lang='lat' dir='ltr'><strong>coercitum</strong></span> <span class='ocrx_word' id='word_1_138' title='bbox 1003 2094 1135 2162; x_wconf 87' lang='lat' dir='ltr'><strong>militam</strong></span> <span class='ocrx_word' id='word_1_139' title='bbox 1157 2091 1394 2162; x_wconf 84' lang='lat' dir='ltr'><strong>accendendum</strong></span> <span class='ocrx_word' id='word_1_140' title='bbox 1416 2092 1522 2161; x_wconf 91' lang='lat' dir='ltr'><strong>adbuc</strong></span> <span class='ocrx_word' id='word_1_141' title='bbox 1543 2102 1644 2172; x_wconf 89' lang='lat' dir='ltr'><strong>ratus,</strong></span> 
     </span>
    </p>
   </div>
   <div class='ocr_carea' id='block_1_4' title="bbox 249 2235 1649 3152">
    <p class='ocr_par' dir='ltr' id='par_1_4' title="bbox 293 2235 1645 2446">
     <span class='ocr_line' id='line_1_16' title="bbox 363 2235 1645 2304; baseline 0 -14"><span class='ocrx_word' id='word_1_142' title='bbox 363 2242 388 2290; x_wconf 90' lang='lat' dir='ltr'><strong>i.</strong></span> <span class='ocrx_word' id='word_1_143' title='bbox 408 2237 480 2290; x_wconf 83' lang='lat' dir='ltr'><strong>riiuie</strong></span> <span class='ocrx_word' id='word_1_144' title='bbox 498 2237 532 2290; x_wconf 96' lang='lat' dir='ltr'><strong>A.</strong></span> <span class='ocrx_word' id='word_1_145' title='bbox 553 2265 582 2276; x_wconf 98' lang='lat'>-</span> <span class='ocrx_word' id='word_1_146' title='bbox 603 2239 630 2288; x_wconf 71' lang='lat' dir='ltr'><strong>a.</strong></span> <span class='ocrx_word' id='word_1_147' title='bbox 650 2235 688 2302; x_wconf 85' lang='lat' dir='ltr'><strong>di]</strong></span> <span class='ocrx_word' id='word_1_148' title='bbox 708 2240 813 2291; x_wconf 88' lang='lat' dir='ltr'><strong>ridetur</strong></span> <span class='ocrx_word' id='word_1_149' title='bbox 832 2238 929 2292; x_wconf 79' lang='lat' dir='ltr'><strong>babere</strong></span> <span class='ocrx_word' id='word_1_150' title='bbox 950 2237 1162 2303; x_wconf 69' lang='lat' dir='ltr'><strong>encaustica:</strong></span> <span class='ocrx_word' id='word_1_151' title='bbox 1183 2239 1233 2290; x_wconf 86' lang='lat' dir='ltr'><strong>ciii</strong></span> <span class='ocrx_word' id='word_1_152' title='bbox 1250 2238 1325 2291; x_wconf 83' lang='lat' dir='ltr'><strong>dedit</strong></span> <span class='ocrx_word' id='word_1_153' title='bbox 1339 2237 1521 2300; x_wconf 79' lang='lat' dir='ltr'><strong>Puteolanus.</strong></span> <span class='ocrx_word' id='word_1_154' title='bbox 1541 2251 1573 2294; x_wconf 84' lang='lat' dir='ltr'><strong>st</strong></span> <span class='ocrx_word' id='word_1_155' title='bbox 1590 2253 1645 2304; x_wconf 77' lang='lat' dir='ltr'><strong>auo</strong></span> 
     </span>
     <span class='ocr_line' id='line_1_17' title="bbox 294 2306 1645 2376; baseline -0.001 -13"><span class='ocrx_word' id='word_1_156' title='bbox 294 2316 399 2375; x_wconf 82' lang='lat' dir='ltr'><strong>propria</strong></span> <span class='ocrx_word' id='word_1_157' title='bbox 417 2313 487 2361; x_wconf 90' lang='lat' dir='ltr'><strong>coni.</strong></span> <span class='ocrx_word' id='word_1_158' title='bbox 507 2309 612 2369; x_wconf 76' lang='lat' dir='ltr'><strong>Lipsius</strong></span> <span class='ocrx_word' id='word_1_159' title='bbox 630 2322 720 2361; x_wconf 81' lang='lat' dir='ltr'><strong>reram</strong></span> <span class='ocrx_word' id='word_1_160' title='bbox 740 2309 801 2362; x_wconf 92' lang='lat' dir='ltr'><strong>iect.</strong></span> <span class='ocrx_word' id='word_1_161' title='bbox 821 2310 920 2362; x_wconf 89' lang='lat' dir='ltr'><strong>elicuit.</strong></span> <span class='ocrx_word' id='word_1_162' title='bbox 943 2335 972 2348; x_wconf 91' lang='lat'>-</span> <span class='ocrx_word' id='word_1_163' title='bbox 1006 2309 1032 2361; x_wconf 87' lang='lat' dir='ltr'><strong>s.</strong></span> <span class='ocrx_word' id='word_1_164' title='bbox 1051 2323 1099 2361; x_wconf 82' lang='lat' dir='ltr'><strong>uec</strong></span> <span class='ocrx_word' id='word_1_165' title='bbox 1118 2335 1128 2346; x_wconf 95' lang='lat'><strong>·</strong></span> <span class='ocrx_word' id='word_1_166' title='bbox 1145 2321 1193 2360; x_wconf 80' lang='lat' dir='ltr'><strong>aec</strong></span> <span class='ocrx_word' id='word_1_167' title='bbox 1210 2307 1243 2361; x_wconf 96' lang='lat' dir='ltr'><strong>A.</strong></span> <span class='ocrx_word' id='word_1_168' title='bbox 1263 2331 1296 2346; x_wconf 92' lang='lat'><strong>·-</strong></span> <span class='ocrx_word' id='word_1_169' title='bbox 1320 2310 1350 2360; x_wconf 79' lang='lat' dir='ltr'><strong>d.</strong></span> <span class='ocrx_word' id='word_1_170' title='bbox 1365 2322 1536 2376; x_wconf 77' lang='lat' dir='ltr'><strong>mpuaguaee</strong></span> <span class='ocrx_word' id='word_1_171' title='bbox 1556 2306 1591 2361; x_wconf 93' lang='lat' dir='ltr'><strong>A.</strong></span> <span class='ocrx_word' id='word_1_172' title='bbox 1612 2333 1645 2348; x_wconf 96' lang='lat'>-</span> 
     </span>
     <span class='ocr_line' id='line_1_18' title="bbox 293 2375 1644 2446; baseline 0 -14"><span class='ocrx_word' id='word_1_173' title='bbox 293 2383 320 2432; x_wconf 81' lang='lat' dir='ltr'><strong>t.</strong></span> <span class='ocrx_word' id='word_1_174' title='bbox 344 2380 403 2431; x_wconf 76' lang='lat' dir='ltr'><strong>eat.</strong></span> <span class='ocrx_word' id='word_1_175' title='bbox 425 2387 494 2430; x_wconf 83' lang='lat' dir='ltr'><strong>tetro</strong></span> <span class='ocrx_word' id='word_1_176' title='bbox 512 2375 664 2441; x_wconf 74' lang='lat' dir='ltr'><strong>mancipio»</strong></span> <span class='ocrx_word' id='word_1_177' title='bbox 686 2393 738 2444; x_wconf 86' lang='lat' dir='ltr'><strong>mg.</strong></span> <span class='ocrx_word' id='word_1_178' title='bbox 759 2379 790 2430; x_wconf 86' lang='grc' dir='ltr'><strong>Γ.</strong></span> <span class='ocrx_word' id='word_1_179' title='bbox 820 2404 851 2416; x_wconf 96' lang='grc'><strong>-</strong></span> <span class='ocrx_word' id='word_1_180' title='bbox 878 2382 905 2433; x_wconf 78' lang='lat' dir='ltr'><strong>b.</strong></span> <span class='ocrx_word' id='word_1_181' title='bbox 935 2379 1041 2432; x_wconf 84' lang='lat' dir='ltr'><strong>liabent</strong></span> <span class='ocrx_word' id='word_1_182' title='bbox 1055 2382 1173 2445; x_wconf 65' lang='lat' dir='ltr'><strong>perferre</strong></span> <span class='ocrx_word' id='word_1_183' title='bbox 1189 2379 1264 2440; x_wconf 82' lang='grc' dir='ltr'><strong>ΓΔ,</strong></span> <span class='ocrx_word' id='word_1_184' title='bbox 1292 2392 1345 2431; x_wconf 90' lang='lat' dir='ltr'><strong>non</strong></span> <span class='ocrx_word' id='word_1_185' title='bbox 1361 2383 1485 2446; x_wconf 72' lang='lat' dir='ltr'><strong>proferre</strong></span> <span class='ocrx_word' id='word_1_186' title='bbox 1502 2377 1644 2432; x_wconf 81' lang='lat' dir='ltr'><strong>Puteolani</strong></span> 
     </span>
    </p>

    <p class='ocr_par' dir='ltr' id='par_1_5' title="bbox 249 2448 1649 3152">
     <span class='ocr_line' id='line_1_19' title="bbox 249 2448 1645 2512; baseline 0.004 -16"><span class='ocrx_word' id='word_1_187' title='bbox 249 2473 258 2496; x_wconf 80' lang='lat'><strong>·</strong></span> <span class='ocrx_word' id='word_1_188' title='bbox 294 2459 321 2501; x_wconf 92' lang='lat' dir='ltr'><strong>ct</strong></span> <span class='ocrx_word' id='word_1_189' title='bbox 341 2451 410 2502; x_wconf 79' lang='lat' dir='ltr'><strong>Edd.</strong></span> <span class='ocrx_word' id='word_1_190' title='bbox 423 2457 487 2502; x_wconf 90' lang='lat' dir='ltr'><strong>anta</strong></span> <span class='ocrx_word' id='word_1_191' title='bbox 500 2450 652 2512; x_wconf 80' lang='lat' dir='ltr'><strong>ntpont.-</strong></span> <span class='ocrx_word' id='word_1_192' title='bbox 671 2452 714 2501; x_wconf 87' lang='lat' dir='ltr'><strong>ii.</strong></span> <span class='ocrx_word' id='word_1_193' title='bbox 733 2459 762 2502; x_wconf 88' lang='lat' dir='ltr'><strong>ut</strong></span> <span class='ocrx_word' id='word_1_194' title='bbox 775 2449 897 2502; x_wconf 78' lang='lat' dir='ltr'><strong>barbaria</strong></span> <span class='ocrx_word' id='word_1_195' title='bbox 908 2453 1008 2506; x_wconf 82' lang='lat' dir='ltr'><strong>morie.</strong></span> <span class='ocrx_word' id='word_1_196' title='bbox 1027 2458 1109 2502; x_wconf 79' lang='lat' dir='ltr'><strong>acuto</strong></span> <span class='ocrx_word' id='word_1_197' title='bbox 1120 2448 1196 2500; x_wconf 77' lang='lat' dir='ltr'><strong>M:</strong></span> <span class='ocrx_word' id='word_1_198' title='bbox 1215 2456 1240 2500; x_wconf 89' lang='lat' dir='ltr'><strong>et</strong></span> <span class='ocrx_word' id='word_1_199' title='bbox 1258 2449 1367 2502; x_wconf 81' lang='lat' dir='ltr'><strong>barbari</strong></span> <span class='ocrx_word' id='word_1_200' title='bbox 1383 2453 1466 2502; x_wconf 78' lang='lat' dir='ltr'><strong>morie</strong></span> <span class='ocrx_word' id='word_1_201' title='bbox 1487 2457 1569 2501; x_wconf 83' lang='lat' dir='ltr'><strong>conto</strong></span> <span class='ocrx_word' id='word_1_202' title='bbox 1583 2463 1645 2504; x_wconf 86' lang='lat' dir='ltr'><strong>cum</strong></span> 
     </span>
     <span class='ocr_line' id='line_1_20' title="bbox 294 2519 1644 2587; baseline 0 -15"><span class='ocrx_word' id='word_1_203' title='bbox 294 2521 442 2574; x_wconf 82' lang='lat' dir='ltr'><strong>Puteoiano</strong></span> <span class='ocrx_word' id='word_1_204' title='bbox 462 2521 494 2571; x_wconf 83' lang='lat' dir='ltr'><strong>tt.</strong></span> <span class='ocrx_word' id='word_1_205' title='bbox 515 2543 546 2558; x_wconf 91' lang='lat'><em>-</em></span> <span class='ocrx_word' id='word_1_206' title='bbox 565 2527 647 2572; x_wconf 82' lang='lat' dir='ltr'><strong>cantu</strong></span> <span class='ocrx_word' id='word_1_207' title='bbox 664 2523 822 2586; x_wconf 70' lang='lat' dir='ltr'><strong>fremituque</strong></span> <span class='ocrx_word' id='word_1_208' title='bbox 838 2525 863 2573; x_wconf 86' lang='lat' dir='ltr'><strong>et</strong></span> <span class='ocrx_word' id='word_1_209' title='bbox 881 2521 1040 2572; x_wconf 82' lang='lat' dir='ltr'><strong>clamoribus</strong></span> <span class='ocrx_word' id='word_1_210' title='bbox 1057 2519 1081 2571; x_wconf 95' lang='lat' dir='ltr'><em>A</em></span> <span class='ocrx_word' id='word_1_211' title='bbox 1087 2535 1095 2572; x_wconf 83' lang='lat' dir='ltr'><strong>e</strong></span> <span class='ocrx_word' id='word_1_212' title='bbox 1120 2527 1200 2572; x_wconf 83' lang='lat' dir='ltr'><strong>cuuis</strong></span> <span class='ocrx_word' id='word_1_213' title='bbox 1217 2525 1242 2570; x_wconf 92' lang='lat' dir='ltr'><strong>et</strong></span> <span class='ocrx_word' id='word_1_214' title='bbox 1257 2523 1365 2587; x_wconf 68' lang='lat' dir='ltr'><strong>[remus</strong></span> <span class='ocrx_word' id='word_1_215' title='bbox 1383 2522 1595 2587; x_wconf 80' lang='lat' dir='ltr'><strong>cinaacra&#39;bategree</strong></span> <span class='ocrx_word' id='word_1_216' title='bbox 1611 2522 1644 2580; x_wconf 82' lang='lat' dir='ltr'><strong>tt.</strong></span> 
     </span>
     <span class='ocr_line' id='line_1_21' title="bbox 294 2591 1649 2655; baseline -0.001 -11"><span class='ocrx_word' id='word_1_217' title='bbox 294 2595 334 2644; x_wconf 93' lang='lat' dir='ltr'><strong>uti</strong></span> <span class='ocrx_word' id='word_1_218' title='bbox 364 2592 509 2644; x_wconf 77' lang='lat' dir='ltr'><strong>Rhenanus</strong></span> <span class='ocrx_word' id='word_1_219' title='bbox 535 2604 566 2644; x_wconf 85' lang='lat' dir='ltr'><strong>er</strong></span> <span class='ocrx_word' id='word_1_220' title='bbox 585 2597 655 2644; x_wconf 90' lang='lat' dir='ltr'><strong>coni.</strong></span> <span class='ocrx_word' id='word_1_221' title='bbox 686 2594 800 2644; x_wconf 82' lang='lat' dir='ltr'><strong>correxit</strong></span> <span class='ocrx_word' id='word_1_222' title='bbox 826 2591 891 2644; x_wconf 75' lang='lat' dir='ltr'><strong>lact:</strong></span> <span class='ocrx_word' id='word_1_223' title='bbox 907 2592 1066 2644; x_wconf 77' lang='lat' dir='ltr'><strong>coiectante</strong></span> <span class='ocrx_word' id='word_1_224' title='bbox 1092 2597 1173 2642; x_wconf 84' lang='lat' dir='ltr'><strong>cautu</strong></span> <span class='ocrx_word' id='word_1_225' title='bbox 1191 2592 1299 2655; x_wconf 70' lang='lat' dir='ltr'><strong>[rmus</strong></span> <span class='ocrx_word' id='word_1_226' title='bbox 1316 2601 1341 2644; x_wconf 88' lang='lat' dir='ltr'><strong>et</strong></span> <span class='ocrx_word' id='word_1_227' title='bbox 1359 2591 1529 2644; x_wconf 68' lang='lat' dir='ltr'><strong>amonius.</strong></span> <span class='ocrx_word' id='word_1_228' title='bbox 1564 2591 1649 2644; x_wconf 82' lang='lat' dir='ltr'><strong>tiel&#39;</strong></span> 
     </span>
     <span class='ocr_line' id='line_1_22' title="bbox 299 2661 1647 2727; baseline 0 -13"><span class='ocrx_word' id='word_1_229' title='bbox 299 2665 417 2714; x_wconf 88' lang='lat' dir='ltr'><strong>nondum</strong></span> <span class='ocrx_word' id='word_1_230' title='bbox 439 2669 541 2714; x_wconf 88' lang='lat' dir='ltr'><strong>constat</strong></span> <span class='ocrx_word' id='word_1_231' title='bbox 560 2669 667 2726; x_wconf 85' lang='lat' dir='ltr'><strong>propter</strong></span> <span class='ocrx_word' id='word_1_232' title='bbox 684 2662 856 2727; x_wconf 81' lang='lat' dir='ltr'><strong>bleggicrenii</strong></span> <span class='ocrx_word' id='word_1_233' title='bbox 881 2661 1032 2720; x_wconf 86' lang='lat' dir='ltr'><strong>silentium,</strong></span> <span class='ocrx_word' id='word_1_234' title='bbox 1061 2663 1133 2714; x_wconf 91' lang='lat' dir='ltr'><strong>unde</strong></span> <span class='ocrx_word' id='word_1_235' title='bbox 1157 2662 1262 2713; x_wconf 76' lang='lat' dir='ltr'><strong>brontia</strong></span> <span class='ocrx_word' id='word_1_236' title='bbox 1282 2675 1344 2714; x_wconf 89' lang='lat' dir='ltr'><strong>eum</strong></span> <span class='ocrx_word' id='word_1_237' title='bbox 1371 2676 1434 2714; x_wconf 88' lang='lat' dir='ltr'><strong>eum</strong></span> <span class='ocrx_word' id='word_1_238' title='bbox 1452 2662 1583 2715; x_wconf 83' lang='lat' dir='ltr'><strong>linenene</strong></span> <span class='ocrx_word' id='word_1_239' title='bbox 1608 2662 1647 2714; x_wconf 90' lang='lat' dir='ltr'><strong>ta·</strong></span> 
     </span>
     <span class='ocr_line' id='line_1_23' title="bbox 294 2731 1645 2796; baseline -0.001 -10"><span class='ocrx_word' id='word_1_240' title='bbox 294 2747 355 2788; x_wconf 89' lang='lat' dir='ltr'><strong>cere</strong></span> <span class='ocrx_word' id='word_1_241' title='bbox 373 2735 516 2786; x_wconf 86' lang='lat' dir='ltr'><strong>arbitretur</strong></span> <span class='ocrx_word' id='word_1_242' title='bbox 529 2741 579 2785; x_wconf 91' lang='lat' dir='ltr'><strong>cet.</strong></span> <span class='ocrx_word' id='word_1_243' title='bbox 617 2732 670 2787; x_wconf 76' lang='lat' dir='ltr'><strong>aad</strong></span> <span class='ocrx_word' id='word_1_244' title='bbox 690 2735 731 2786; x_wconf 83' lang='lat' dir='ltr'><strong>vir</strong></span> <span class='ocrx_word' id='word_1_245' title='bbox 751 2731 888 2796; x_wconf 87' lang='lat' dir='ltr'><strong>probabiie</strong></span> <span class='ocrx_word' id='word_1_246' title='bbox 907 2739 949 2786; x_wconf 88' lang='lat' dir='ltr'><strong>cet</strong></span> <span class='ocrx_word' id='word_1_247' title='bbox 967 2736 1123 2794; x_wconf 85' lang='lat' dir='ltr'><strong>scripturam</strong></span> <span class='ocrx_word' id='word_1_248' title='bbox 1146 2739 1262 2784; x_wconf 88' lang='lat' dir='ltr'><strong>nostram</strong></span> <span class='ocrx_word' id='word_1_249' title='bbox 1282 2735 1380 2786; x_wconf 86' lang='lat' dir='ltr'><strong>librarii</strong></span> <span class='ocrx_word' id='word_1_250' title='bbox 1397 2731 1422 2785; x_wconf 89' lang='lat' dir='ltr'><em>A</em></span> <span class='ocrx_word' id='word_1_251' title='bbox 1440 2745 1514 2786; x_wconf 86' lang='lat' dir='ltr'><strong>tnern</strong></span> <span class='ocrx_word' id='word_1_252' title='bbox 1531 2733 1645 2785; x_wconf 87' lang='lat' dir='ltr'><strong>arbitrio</strong></span> 
     </span>
     <span class='ocr_line' id='line_1_24' title="bbox 295 2802 1647 2866; baseline -0.001 -10"><span class='ocrx_word' id='word_1_253' title='bbox 295 2806 397 2856; x_wconf 88' lang='lat' dir='ltr'><strong>deberi.</strong></span> <span class='ocrx_word' id='word_1_254' title='bbox 426 2829 460 2840; x_wconf 94' lang='lat'>-</span> <span class='ocrx_word' id='word_1_255' title='bbox 490 2803 535 2854; x_wconf 84' lang='lat'><strong>¹³.</strong></span> <span class='ocrx_word' id='word_1_256' title='bbox 554 2802 749 2866; x_wconf 80' lang='lat' dir='ltr'><strong>instruebatur]</strong></span> <span class='ocrx_word' id='word_1_257' title='bbox 779 2803 822 2855; x_wconf 81' lang='lat' dir='ltr'><strong>Sic</strong></span> <span class='ocrx_word' id='word_1_258' title='bbox 840 2803 871 2853; x_wconf 91' lang='lat' dir='ltr'><strong>A.</strong></span> <span class='ocrx_word' id='word_1_259' title='bbox 892 2803 1094 2854; x_wconf 78' lang='lat' dir='ltr'><strong>intimabuntur</strong></span> <span class='ocrx_word' id='word_1_260' title='bbox 1114 2804 1139 2854; x_wconf 85' lang='grc' dir='ltr'><strong><em>Γ</em></strong></span> <span class='ocrx_word' id='word_1_261' title='bbox 1156 2811 1183 2856; x_wconf 91' lang='lat' dir='ltr'><strong>at</strong></span> <span class='ocrx_word' id='word_1_262' title='bbox 1199 2802 1327 2862; x_wconf 79' lang='lat' dir='ltr'><strong>Putaui..</strong></span> <span class='ocrx_word' id='word_1_263' title='bbox 1356 2803 1415 2853; x_wconf 75' lang='lat' dir='ltr'><strong>«ai.</strong></span> <span class='ocrx_word' id='word_1_264' title='bbox 1433 2805 1647 2856; x_wconf 66' lang='lat' dir='ltr'><strong>instituebantur·</strong></span> 
     </span>
     <span class='ocr_line' id='line_1_25' title="bbox 294 2871 1645 2940; baseline 0 -12"><span class='ocrx_word' id='word_1_265' title='bbox 294 2890 347 2940; x_wconf 86' lang='lat' dir='ltr'><strong>mg.</strong></span> <span class='ocrx_word' id='word_1_266' title='bbox 367 2875 398 2926; x_wconf 86' lang='grc' dir='ltr'><strong>Γ.</strong></span> <span class='ocrx_word' id='word_1_267' title='bbox 418 2898 448 2912; x_wconf 96' lang='grc'>-</span> <span class='ocrx_word' id='word_1_268' title='bbox 480 2874 525 2925; x_wconf 82' lang='lat' dir='ltr'><strong>st.</strong></span> <span class='ocrx_word' id='word_1_269' title='bbox 543 2871 724 2938; x_wconf 75' lang='lat' dir='ltr'><strong>montiscurte}</strong></span> <span class='ocrx_word' id='word_1_270' title='bbox 754 2873 798 2924; x_wconf 81' lang='lat' dir='ltr'><strong>Sic</strong></span> <span class='ocrx_word' id='word_1_271' title='bbox 816 2873 858 2931; x_wconf 85' lang='lat' dir='ltr'><strong>A.</strong></span> <span class='ocrx_word' id='word_1_272' title='bbox 888 2872 954 2924; x_wconf 83' lang='lat' dir='ltr'><strong>God.</strong></span> <span class='ocrx_word' id='word_1_273' title='bbox 976 2873 1034 2926; x_wconf 88' lang='lat' dir='ltr'><strong>Ure.</strong></span> <span class='ocrx_word' id='word_1_274' title='bbox 1055 2874 1210 2938; x_wconf 86' lang='lat' dir='ltr'><strong>ettng.1&#39;,</strong></span> <span class='ocrx_word' id='word_1_275' title='bbox 1238 2873 1388 2926; x_wconf 64' lang='lat' dir='ltr'><strong>montiis!</strong></span> <span class='ocrx_word' id='word_1_276' title='bbox 1409 2876 1436 2924; x_wconf 94' lang='lat' dir='ltr'><strong>in</strong></span> <span class='ocrx_word' id='word_1_277' title='bbox 1455 2881 1591 2928; x_wconf 83' lang='lat' dir='ltr'><strong>contestu.</strong></span> <span class='ocrx_word' id='word_1_278' title='bbox 1609 2899 1645 2911; x_wconf 92' lang='grc'><strong>·-</strong></span> 
     </span>
     <span class='ocr_line' id='line_1_26' title="bbox 294 2944 1645 3008; baseline 0 -12"><span class='ocrx_word' id='word_1_279' title='bbox 294 2947 403 2998; x_wconf 75' lang='lat' dir='ltr'><strong>moisem</strong></span> <span class='ocrx_word' id='word_1_280' title='bbox 422 2945 615 2998; x_wconf 79' lang='lat' dir='ltr'><strong>accendendum</strong></span> <span class='ocrx_word' id='word_1_281' title='bbox 632 2946 719 2998; x_wconf 80' lang='lat' dir='ltr'><strong>adbuc</strong></span> <span class='ocrx_word' id='word_1_282' title='bbox 736 2949 813 2996; x_wconf 84' lang='lat' dir='ltr'><strong>retur</strong></span> <span class='ocrx_word' id='word_1_283' title='bbox 825 2945 851 2996; x_wconf 86' lang='grc' dir='ltr'>Γ</span> <span class='ocrx_word' id='word_1_284' title='bbox 861 2951 888 2995; x_wconf 92' lang='lat' dir='ltr'><strong>et</strong></span> <span class='ocrx_word' id='word_1_285' title='bbox 900 2944 966 2997; x_wconf 85' lang='lat' dir='ltr'><strong>Cod.</strong></span> <span class='ocrx_word' id='word_1_286' title='bbox 978 2945 1036 2995; x_wconf 84' lang='lat' dir='ltr'><strong>Ure.</strong></span> <span class='ocrx_word' id='word_1_287' title='bbox 1050 2957 1057 2994; x_wconf 83' lang='lat' dir='ltr'><strong>e</strong></span> <span class='ocrx_word' id='word_1_288' title='bbox 1076 2945 1184 2996; x_wconf 68' lang='lat' dir='ltr'><strong>micam</strong></span> <span class='ocrx_word' id='word_1_289' title='bbox 1198 2945 1283 2997; x_wconf 83' lang='lat' dir='ltr'><strong>adbuc</strong></span> <span class='ocrx_word' id='word_1_290' title='bbox 1294 2951 1371 2997; x_wconf 84' lang='lat' dir='ltr'><strong>retur</strong></span> <span class='ocrx_word' id='word_1_291' title='bbox 1382 2945 1488 2998; x_wconf 78' lang='lat' dir='ltr'><strong>i‘uteci.</strong></span> <span class='ocrx_word' id='word_1_292' title='bbox 1502 2946 1574 3008; x_wconf 81' lang='lat' dir='ltr'><strong>Lipe.</strong></span> <span class='ocrx_word' id='word_1_293' title='bbox 1588 2944 1645 2996; x_wconf 88' lang='lat' dir='ltr'><strong>Iac.</strong></span> 
     </span>
     <span class='ocr_line' id='line_1_27' title="bbox 296 2993 1644 3079; baseline -0.001 -11"><span class='ocrx_word' id='word_1_294' title='bbox 296 3015 458 3076; x_wconf 83' lang='lat' dir='ltr'><strong>Gronovius,</strong></span> <span class='ocrx_word' id='word_1_295' title='bbox 471 3016 578 3066; x_wconf 84' lang='lat' dir='ltr'><strong>mititem</strong></span> <span class='ocrx_word' id='word_1_296' title='bbox 592 3017 678 3066; x_wconf 84' lang='lat' dir='ltr'><strong>adbuc</strong></span> <span class='ocrx_word' id='word_1_297' title='bbox 691 3015 849 3066; x_wconf 82' lang='lat' dir='ltr'><strong>edbertuiua</strong></span> <span class='ocrx_word' id='word_1_298' title='bbox 861 3015 987 3074; x_wconf 84' lang='lat' dir='ltr'><strong>Grotius,</strong></span> <span class='ocrx_word' id='word_1_299' title='bbox 1002 3015 1110 3066; x_wconf 78' lang='lat' dir='ltr'><strong>militem</strong></span> <span class='ocrx_word' id='word_1_300' title='bbox 1122 3016 1278 3066; x_wconf 66' lang='lat' dir='ltr'><strong>macrinius</strong></span> <span class='ocrx_word' id='word_1_301' title='bbox 1290 3028 1352 3067; x_wconf 92' lang='lat' dir='ltr'><strong>cum</strong></span> <span class='ocrx_word' id='word_1_302' title='bbox 1366 2993 1488 3068; x_wconf 69' lang='lat' dir='ltr'><strong>Grncetio</strong></span> <span class='ocrx_word' id='word_1_303' title='bbox 1501 3015 1533 3066; x_wconf 83' lang='lat' dir='ltr'><strong>it.</strong></span> <span class='ocrx_word' id='word_1_304' title='bbox 1546 3014 1644 3079; x_wconf 74' lang='lat' dir='ltr'><strong>(evei,</strong></span> 
     </span>
     <span class='ocr_line' id='line_1_28' title="bbox 294 3075 1647 3152; baseline 0.001 -15"><span class='ocrx_word' id='word_1_305' title='bbox 294 3096 325 3138; x_wconf 92' lang='lat' dir='ltr'><strong>ut</strong></span> <span class='ocrx_word' id='word_1_306' title='bbox 334 3095 374 3140; x_wconf 89' lang='lat' dir='ltr'><strong>est</strong></span> <span class='ocrx_word' id='word_1_307' title='bbox 386 3091 413 3140; x_wconf 94' lang='lat' dir='ltr'><strong>in</strong></span> <span class='ocrx_word' id='word_1_308' title='bbox 423 3088 474 3140; x_wconf 87' lang='lat' dir='ltr'><strong>aiio</strong></span> <span class='ocrx_word' id='word_1_309' title='bbox 487 3086 554 3138; x_wconf 87' lang='lat' dir='ltr'><strong>iibro</strong></span> <span class='ocrx_word' id='word_1_310' title='bbox 563 3080 607 3152; x_wconf 71' lang='lat' dir='ltr'><strong>iil·</strong></span> <span class='ocrx_word' id='word_1_311' title='bbox 621 3087 728 3138; x_wconf 78' lang='lat' dir='ltr'><strong>mititem</strong></span> <span class='ocrx_word' id='word_1_312' title='bbox 738 3086 823 3138; x_wconf 81' lang='lat' dir='ltr'><strong>adbuc</strong></span> <span class='ocrx_word' id='word_1_313' title='bbox 834 3086 1025 3138; x_wconf 75' lang='lat' dir='ltr'><strong>cohortandum</strong></span> <span class='ocrx_word' id='word_1_314' title='bbox 1035 3093 1142 3136; x_wconf 74' lang='lat' dir='ltr'><strong>ratur.»</strong></span> <span class='ocrx_word' id='word_1_315' title='bbox 1155 3075 1284 3139; x_wconf 73' lang='lat' dir='ltr'><strong>Gustum.</strong></span> <span class='ocrx_word' id='word_1_316' title='bbox 1306 3083 1378 3140; x_wconf 85' lang='lat' dir='ltr'><strong>licA</strong></span> <span class='ocrx_word' id='word_1_317' title='bbox 1389 3087 1509 3140; x_wconf 87' lang='lat' dir='ltr'><strong>nondum</strong></span> <span class='ocrx_word' id='word_1_318' title='bbox 1520 3085 1647 3150; x_wconf 87' lang='lat' dir='ltr'><strong>constet.)</strong></span> 
     </span>
    </p>
   </div>
   <div class='ocr_carea' id='block_1_5' title="bbox 292 3212 1648 5204">
    <p class='ocr_par' dir='ltr' id='par_1_6' title="bbox 292 3212 1647 3518">
     <span class='ocr_line' id='line_1_29' title="bbox 293 3212 1646 3280; baseline -0.001 -13"><span class='ocrx_word' id='word_1_319' title='bbox 293 3228 324 3268; x_wconf 87' lang='lat' dir='ltr'><strong>cs</strong></span> <span class='ocrx_word' id='word_1_320' title='bbox 343 3227 383 3268; x_wconf 82' lang='lat' dir='ltr'><strong>rr.</strong></span> <span class='ocrx_word' id='word_1_321' title='bbox 404 3216 501 3280; x_wconf 75' lang='lat' dir='ltr'><strong>ignote</strong></span> <span class='ocrx_word' id='word_1_322' title='bbox 519 3215 619 3267; x_wconf 79' lang='lat' dir='ltr'><strong>omnic.</strong></span> <span class='ocrx_word' id='word_1_323' title='bbox 653 3212 789 3266; x_wconf 80' lang='lat' dir='ltr'><strong>Boudicca</strong></span> <span class='ocrx_word' id='word_1_324' title='bbox 801 3213 872 3275; x_wconf 85' lang='lat' dir='ltr'><strong>apud</strong></span> <span class='ocrx_word' id='word_1_325' title='bbox 887 3213 950 3265; x_wconf 87' lang='lat' dir='ltr'><strong>liic·</strong></span> <span class='ocrx_word' id='word_1_326' title='bbox 988 3222 1130 3275; x_wconf 89' lang='lat' dir='ltr'><strong>campum,</strong></span> <span class='ocrx_word' id='word_1_327' title='bbox 1156 3215 1182 3264; x_wconf 88' lang='lat' dir='ltr'><strong>in</strong></span> <span class='ocrx_word' id='word_1_328' title='bbox 1208 3226 1261 3278; x_wconf 76' lang='lat' dir='ltr'><strong>guo</strong></span> <span class='ocrx_word' id='word_1_329' title='bbox 1280 3212 1314 3267; x_wconf 89' lang='lat' dir='ltr'><strong>de</strong></span> <span class='ocrx_word' id='word_1_330' title='bbox 1332 3219 1404 3265; x_wconf 88' lang='lat' dir='ltr'><strong>acria</strong></span> <span class='ocrx_word' id='word_1_331' title='bbox 1423 3220 1579 3267; x_wconf 85' lang='lat' dir='ltr'><strong>utrorumre</strong></span> <span class='ocrx_word' id='word_1_332' title='bbox 1599 3212 1646 3266; x_wconf 84' lang='lat' dir='ltr'><strong>tle·</strong></span> 
     </span>
     <span class='ocr_line' id='line_1_30' title="bbox 294 3287 1646 3365; baseline -0.001 -19"><span class='ocrx_word' id='word_1_333' title='bbox 294 3307 355 3346; x_wconf 88' lang='lat' dir='ltr'><strong>nean</strong></span> <span class='ocrx_word' id='word_1_334' title='bbox 373 3293 416 3350; x_wconf 66' lang='lat' dir='ltr'><strong>di,</strong></span> <span class='ocrx_word' id='word_1_335' title='bbox 436 3295 469 3346; x_wconf 78' lang='lat' dir='ltr'><strong>bt</strong></span> <span class='ocrx_word' id='word_1_336' title='bbox 491 3297 585 3365; x_wconf 73' lang='grc' dir='ltr'><strong><em>χωρία</em></strong></span> <span class='ocrx_word' id='word_1_337' title='bbox 610 3293 706 3346; x_wconf 75' lang='grc' dir='ltr'><strong><em>ταῦτα</em></strong></span> <span class='ocrx_word' id='word_1_338' title='bbox 723 3287 794 3360; x_wconf 74' lang='grc' dir='ltr'>ἡμῖν</span> <span class='ocrx_word' id='word_1_339' title='bbox 810 3291 866 3358; x_wconf 74' lang='grc' dir='ltr'><strong>μὲν</strong></span> <span class='ocrx_word' id='word_1_340' title='bbox 883 3307 950 3345; x_wconf 86' lang='grc' dir='ltr'>συν·</span> <span class='ocrx_word' id='word_1_341' title='bbox 988 3293 1126 3352; x_wconf 71' lang='grc' dir='ltr'><strong>οΙάοωῐςο</strong></span> <span class='ocrx_word' id='word_1_342' title='bbox 1145 3295 1245 3347; x_wconf 87' lang='lat' dir='ltr'><strong>dictum</strong></span> <span class='ocrx_word' id='word_1_343' title='bbox 1259 3301 1362 3356; x_wconf 84' lang='lat' dir='ltr'><strong>autent,</strong></span> <span class='ocrx_word' id='word_1_344' title='bbox 1383 3298 1461 3358; x_wconf 84' lang='lat' dir='ltr'><strong>quaet</strong></span> <span class='ocrx_word' id='word_1_345' title='bbox 1475 3296 1526 3346; x_wconf 87' lang='lat' dir='ltr'><strong>boe</strong></span> <span class='ocrx_word' id='word_1_346' title='bbox 1543 3309 1569 3346; x_wconf 89' lang='lat' dir='ltr'><strong>r.</strong></span> <span class='ocrx_word' id='word_1_347' title='bbox 1583 3307 1646 3358; x_wconf 86' lang='lat' dir='ltr'><strong>prn-</strong></span> 
     </span>
     <span class='ocr_line' id='line_1_31' title="bbox 294 3368 1647 3442; baseline 0.002 -17"><span class='ocrx_word' id='word_1_348' title='bbox 294 3371 354 3442; x_wconf 69' lang='lat' dir='ltr'><strong>q&#39;bp</strong></span> <span class='ocrx_word' id='word_1_349' title='bbox 386 3375 437 3425; x_wconf 77' lang='lat' dir='ltr'><strong>sui</strong></span> <span class='ocrx_word' id='word_1_350' title='bbox 462 3371 624 3440; x_wconf 78' lang='grc' dir='ltr'><strong><em>σύμμαχα,</em></strong></span> <span class='ocrx_word' id='word_1_351' title='bbox 648 3369 772 3436; x_wconf 71' lang='grc' dir='ltr'><strong>ἐκείνοις</strong></span> <span class='ocrx_word' id='word_1_352' title='bbox 794 3371 825 3424; x_wconf 82' lang='lat' dir='ltr'><strong>ci</strong></span> <span class='ocrx_word' id='word_1_353' title='bbox 843 3368 879 3437; x_wconf 80' lang='lat' dir='ltr'><strong>dr&gt;</strong></span> <span class='ocrx_word' id='word_1_354' title='bbox 899 3373 950 3423; x_wconf 81' lang='lat' dir='ltr'><strong>seui</strong></span> <span class='ocrx_word' id='word_1_355' title='bbox 988 3375 1113 3425; x_wconf 82' lang='lat' dir='ltr'><strong>nuntians</strong></span> <span class='ocrx_word' id='word_1_356' title='bbox 1137 3374 1219 3438; x_wconf 78' lang='lat' dir='ltr'><strong>digito</strong></span> <span class='ocrx_word' id='word_1_357' title='bbox 1246 3381 1405 3427; x_wconf 89' lang='lat' dir='ltr'><strong>monstraret</strong></span> <span class='ocrx_word' id='word_1_358' title='bbox 1428 3376 1563 3440; x_wconf 83' lang='lat' dir='ltr'><strong>regionem</strong></span> <span class='ocrx_word' id='word_1_359' title='bbox 1586 3385 1647 3438; x_wconf 83' lang='lat' dir='ltr'><strong>prc-</strong></span> 
     </span>
     <span class='ocr_line' id='line_1_32' title="bbox 292 3447 1466 3518; baseline -0.002 -13"><span class='ocrx_word' id='word_1_360' title='bbox 292 3447 432 3518; x_wconf 77' lang='grc' dir='ltr'><em>ἄγνωστα</em></span> <span class='ocrx_word' id='word_1_361' title='bbox 455 3452 506 3502; x_wconf 80' lang='lat' dir='ltr'><strong>eni</strong></span> <span class='ocrx_word' id='word_1_362' title='bbox 534 3450 670 3516; x_wconf 74' lang='grc' dir='ltr'><strong>πολέμια.</strong></span> <span class='ocrx_word' id='word_1_363' title='bbox 699 3477 729 3490; x_wconf 89' lang='grc'><strong>-</strong></span> <span class='ocrx_word' id='word_1_364' title='bbox 760 3448 876 3514; x_wconf 81' lang='lat' dir='ltr'><strong>vincior]</strong></span> <span class='ocrx_word' id='word_1_365' title='bbox 905 3452 950 3501; x_wconf 88' lang='lat' dir='ltr'><strong>de·</strong></span> <span class='ocrx_word' id='word_1_366' title='bbox 989 3455 1091 3506; x_wconf 76' lang='lat' dir='ltr'><strong>vinciae</strong></span> <span class='ocrx_word' id='word_1_367' title='bbox 1110 3455 1265 3515; x_wconf 83' lang='lat' dir='ltr'><strong>iampridem</strong></span> <span class='ocrx_word' id='word_1_368' title='bbox 1289 3457 1466 3517; x_wconf 86' lang='lat' dir='ltr'><strong>perdomitae.</strong></span> 
     </span>
    </p>

    <p class='ocr_par' dir='ltr' id='par_1_7' title="bbox 293 3530 1648 5204">
     <span class='ocr_line' id='line_1_33' title="bbox 293 3530 1644 3599; baseline 0.003 -17"><span class='ocrx_word' id='word_1_369' title='bbox 293 3533 372 3589; x_wconf 79' lang='lat' dir='ltr'><strong>nuce,</strong></span> <span class='ocrx_word' id='word_1_370' title='bbox 396 3538 425 3582; x_wconf 89' lang='lat' dir='ltr'><strong>ut</strong></span> <span class='ocrx_word' id='word_1_371' title='bbox 443 3532 513 3581; x_wconf 75' lang='lat' dir='ltr'><strong>Anu.</strong></span> <span class='ocrx_word' id='word_1_372' title='bbox 538 3533 564 3590; x_wconf 90' lang='lat' dir='ltr'><strong>i,</strong></span> <span class='ocrx_word' id='word_1_373' title='bbox 584 3531 632 3580; x_wconf 71' lang='lat'><strong>6⁴2:</strong></span> <span class='ocrx_word' id='word_1_374' title='bbox 659 3530 748 3582; x_wconf 84' lang='lat' dir='ltr'><strong>ecdem</strong></span> <span class='ocrx_word' id='word_1_375' title='bbox 767 3532 826 3596; x_wconf 80' lang='lat' dir='ltr'><strong>[cic</strong></span> <span class='ocrx_word' id='word_1_376' title='bbox 844 3532 950 3582; x_wconf 81' lang='lat' dir='ltr'><strong>vincias</strong></span> <span class='ocrx_word' id='word_1_377' title='bbox 1022 3531 1067 3584; x_wconf 78' lang='lat'><strong>8³.</strong></span> <span class='ocrx_word' id='word_1_378' title='bbox 1086 3539 1116 3583; x_wconf 86' lang='lat' dir='ltr'><strong>ui</strong></span> <span class='ocrx_word' id='word_1_379' title='bbox 1128 3533 1253 3584; x_wconf 81' lang='lat' dir='ltr'><strong>barbarie</strong></span> <span class='ocrx_word' id='word_1_380' title='bbox 1265 3532 1359 3599; x_wconf 71' lang='lat' dir='ltr'><strong>moris]</strong></span> <span class='ocrx_word' id='word_1_381' title='bbox 1379 3535 1425 3586; x_wconf 82' lang='lat' dir='ltr'><strong>sie</strong></span> <span class='ocrx_word' id='word_1_382' title='bbox 1444 3547 1534 3588; x_wconf 85' lang='lat' dir='ltr'><strong>rursus</strong></span> <span class='ocrx_word' id='word_1_383' title='bbox 1547 3533 1577 3586; x_wconf 84' lang='lat' dir='ltr'><strong>G.</strong></span> <span class='ocrx_word' id='word_1_384' title='bbox 1591 3534 1644 3586; x_wconf 71' lang='lat'><strong>³02</strong></span> 
     </span>
     <span class='ocr_line' id='line_1_34' title="bbox 293 3610 1645 3675; baseline 0.003 -14"><span class='ocrx_word' id='word_1_385' title='bbox 293 3611 418 3675; x_wconf 81' lang='lat' dir='ltr'><strong>legiones.</strong></span> <span class='ocrx_word' id='word_1_386' title='bbox 459 3611 526 3661; x_wconf 83' lang='lat' dir='ltr'><strong>litei.</strong></span> <span class='ocrx_word' id='word_1_387' title='bbox 548 3612 574 3669; x_wconf 91' lang='lat' dir='ltr'><strong>i,</strong></span> <span class='ocrx_word' id='word_1_388' title='bbox 593 3610 646 3662; x_wconf 83' lang='lat' dir='ltr'><strong>ra:</strong></span> <span class='ocrx_word' id='word_1_389' title='bbox 671 3611 742 3662; x_wconf 84' lang='lat' dir='ltr'><strong>uelut</strong></span> <span class='ocrx_word' id='word_1_390' title='bbox 760 3611 843 3661; x_wconf 81' lang='lat' dir='ltr'><strong>cincii</strong></span> <span class='ocrx_word' id='word_1_391' title='bbox 859 3610 949 3662; x_wconf 85' lang='lat' dir='ltr'><strong>ccede·</strong></span> <span class='ocrx_word' id='word_1_392' title='bbox 986 3617 1016 3662; x_wconf 86' lang='lat' dir='ltr'><strong>ut</strong></span> <span class='ocrx_word' id='word_1_393' title='bbox 1028 3613 1182 3663; x_wconf 81' lang='lat' dir='ltr'><strong>Domitiano</strong></span> <span class='ocrx_word' id='word_1_394' title='bbox 1194 3616 1277 3664; x_wconf 72' lang='lat' dir='ltr'><strong>morte</strong></span> <span class='ocrx_word' id='word_1_395' title='bbox 1290 3623 1368 3675; x_wconf 85' lang='lat' dir='ltr'><strong>ernt;</strong></span> <span class='ocrx_word' id='word_1_396' title='bbox 1388 3618 1451 3667; x_wconf 88' lang='lat' dir='ltr'><strong>item</strong></span> <span class='ocrx_word' id='word_1_397' title='bbox 1465 3615 1496 3666; x_wconf 83' lang='lat' dir='ltr'><strong>G.</strong></span> <span class='ocrx_word' id='word_1_398' title='bbox 1509 3615 1555 3666; x_wconf 68' lang='lat' dir='ltr'><strong>ab.</strong></span> <span class='ocrx_word' id='word_1_399' title='bbox 1573 3615 1645 3666; x_wconf 87' lang='lat' dir='ltr'><strong>iliat.</strong></span> 
     </span>
     <span class='ocr_line' id='line_1_35' title="bbox 294 3687 1646 3754; baseline 0.004 -13"><span class='ocrx_word' id='word_1_400' title='bbox 294 3691 404 3742; x_wconf 70' lang='lat' dir='ltr'><strong>bamur.</strong></span> <span class='ocrx_word' id='word_1_401' title='bbox 439 3713 467 3725; x_wconf 93' lang='lat'>—</span> <span class='ocrx_word' id='word_1_402' title='bbox 504 3695 611 3740; x_wconf 82' lang='lat' dir='ltr'><strong>nostroe</strong></span> <span class='ocrx_word' id='word_1_403' title='bbox 639 3687 749 3754; x_wconf 80' lang='lat' dir='ltr'><strong>munus]</strong></span> <span class='ocrx_word' id='word_1_404' title='bbox 782 3691 949 3752; x_wconf 80' lang='lat' dir='ltr'><strong>ciiritanni,</strong></span> <span class='ocrx_word' id='word_1_405' title='bbox 988 3696 1014 3750; x_wconf 91' lang='lat' dir='ltr'><strong>i,</strong></span> <span class='ocrx_word' id='word_1_406' title='bbox 1034 3693 1078 3744; x_wconf 78' lang='lat' dir='ltr'><strong>ib.</strong></span> <span class='ocrx_word' id='word_1_407' title='bbox 1100 3691 1190 3744; x_wconf 88' lang='lat' dir='ltr'><strong>Germ.</strong></span> <span class='ocrx_word' id='word_1_408' title='bbox 1211 3692 1255 3753; x_wconf 73' lang='lat' dir='ltr'><strong>it,</strong></span> <span class='ocrx_word' id='word_1_409' title='bbox 1274 3692 1319 3744; x_wconf 73' lang='lat'><strong>21.</strong></span> <span class='ocrx_word' id='word_1_410' title='bbox 1345 3695 1508 3748; x_wconf 76' lang='lat' dir='ltr'><strong>inconcinna</strong></span> <span class='ocrx_word' id='word_1_411' title='bbox 1532 3694 1646 3748; x_wconf 76' lang='lat' dir='ltr'><strong>cetPn-</strong></span> 
     </span>
     <span class='ocr_line' id='line_1_36' title="bbox 295 3767 1646 3836; baseline 0.004 -16"><span class='ocrx_word' id='word_1_412' title='bbox 295 3769 373 3831; x_wconf 89' lang='lat' dir='ltr'><strong>Gaiii,</strong></span> <span class='ocrx_word' id='word_1_413' title='bbox 405 3767 529 3820; x_wconf 84' lang='lat' dir='ltr'><strong>Germani</strong></span> <span class='ocrx_word' id='word_1_414' title='bbox 561 3774 587 3820; x_wconf 95' lang='lat' dir='ltr'><strong>in</strong></span> <span class='ocrx_word' id='word_1_415' title='bbox 612 3773 669 3832; x_wconf 88' lang='lat' dir='ltr'><strong>ipso</strong></span> <span class='ocrx_word' id='word_1_416' title='bbox 698 3783 801 3834; x_wconf 84' lang='lat' dir='ltr'><strong>pugnae</strong></span> <span class='ocrx_word' id='word_1_417' title='bbox 832 3773 947 3822; x_wconf 91' lang='lat' dir='ltr'><strong>tumuttu</strong></span> <span class='ocrx_word' id='word_1_418' title='bbox 988 3771 1086 3822; x_wconf 89' lang='lat' dir='ltr'><strong>teoient</strong></span> <span class='ocrx_word' id='word_1_419' title='bbox 1107 3773 1276 3836; x_wconf 88' lang='lat' dir='ltr'><strong>interpolatio</strong></span> <span class='ocrx_word' id='word_1_420' title='bbox 1294 3781 1319 3826; x_wconf 86' lang='lat' dir='ltr'><strong>ei</strong></span> <span class='ocrx_word' id='word_1_421' title='bbox 1330 3773 1440 3827; x_wconf 78' lang='lat' dir='ltr'><strong>berturi</strong></span> <span class='ocrx_word' id='word_1_422' title='bbox 1454 3775 1646 3828; x_wconf 66' lang='lat' dir='ltr'><strong>numeneus.</strong></span> 
     </span>
     <span class='ocr_line' id='line_1_37' title="bbox 294 3849 1648 3921; baseline 0.006 -21"><span class='ocrx_word' id='word_1_423' title='bbox 294 3851 327 3901; x_wconf 90' lang='lat' dir='ltr'><strong>ad</strong></span> <span class='ocrx_word' id='word_1_424' title='bbox 351 3863 399 3900; x_wconf 89' lang='lat' dir='ltr'><strong>nos</strong></span> <span class='ocrx_word' id='word_1_425' title='bbox 425 3850 653 3914; x_wconf 84' lang='lat' dir='ltr'><strong>transgredientur</strong></span> <span class='ocrx_word' id='word_1_426' title='bbox 678 3863 709 3900; x_wconf 94' lang='lat' dir='ltr'><strong>ac</strong></span> <span class='ocrx_word' id='word_1_427' title='bbox 736 3849 875 3902; x_wconf 88' lang='lat' dir='ltr'><strong>nobiscum</strong></span> <span class='ocrx_word' id='word_1_428' title='bbox 901 3851 949 3903; x_wconf 86' lang='lat' dir='ltr'><strong>ed·</strong></span> <span class='ocrx_word' id='word_1_429' title='bbox 990 3877 1021 3889; x_wconf 96' lang='lat'>-</span> <span class='ocrx_word' id='word_1_430' title='bbox 1042 3858 1124 3902; x_wconf 83' lang='lat' dir='ltr'><strong>cnuto</strong></span> <span class='ocrx_word' id='word_1_431' title='bbox 1141 3852 1298 3918; x_wconf 72' lang='lat' dir='ltr'><strong>[curitaque</strong></span> <span class='ocrx_word' id='word_1_432' title='bbox 1316 3859 1340 3904; x_wconf 87' lang='lat' dir='ltr'><strong>et</strong></span> <span class='ocrx_word' id='word_1_433' title='bbox 1360 3851 1538 3921; x_wconf 72' lang='lat' dir='ltr'><strong>demonibus]</strong></span> <span class='ocrx_word' id='word_1_434' title='bbox 1556 3855 1596 3908; x_wconf 89' lang='lat' dir='ltr'><strong>lta</strong></span> <span class='ocrx_word' id='word_1_435' title='bbox 1614 3869 1648 3907; x_wconf 88' lang='lat' dir='ltr'><strong>ee</strong></span> 
     </span>
     <span class='ocr_line' id='line_1_38' title="bbox 295 3930 1647 4000; baseline 0.003 -15"><span class='ocrx_word' id='word_1_436' title='bbox 295 3942 385 3985; x_wconf 77' lang='lat' dir='ltr'><strong>tenue</strong></span> <span class='ocrx_word' id='word_1_437' title='bbox 403 3943 573 3993; x_wconf 83' lang='lat' dir='ltr'><strong>oppressores</strong></span> <span class='ocrx_word' id='word_1_438' title='bbox 591 3930 795 3982; x_wconf 70' lang='lat' dir='ltr'><strong>decertabant.»</strong></span> <span class='ocrx_word' id='word_1_439' title='bbox 814 3957 842 3969; x_wconf 90' lang='lat'><em>-</em></span> <span class='ocrx_word' id='word_1_440' title='bbox 863 3944 949 3982; x_wconf 86' lang='lat' dir='ltr'><strong>cneus</strong></span> <span class='ocrx_word' id='word_1_441' title='bbox 988 3934 1191 3997; x_wconf 76' lang='lat' dir='ltr'><strong>ascipiuntque</strong></span> <span class='ocrx_word' id='word_1_442' title='bbox 1209 3939 1235 3986; x_wconf 88' lang='lat' dir='ltr'><strong>et</strong></span> <span class='ocrx_word' id='word_1_443' title='bbox 1252 3934 1331 3986; x_wconf 86' lang='lat' dir='ltr'><strong>etiam</strong></span> <span class='ocrx_word' id='word_1_444' title='bbox 1351 3933 1380 3986; x_wconf 87' lang='lat' dir='ltr'><strong>G.</strong></span> <span class='ocrx_word' id='word_1_445' title='bbox 1392 3935 1444 3988; x_wconf 77' lang='lat'><strong>25:</strong></span> <span class='ocrx_word' id='word_1_446' title='bbox 1461 3937 1541 3998; x_wconf 82' lang='lat' dir='ltr'><strong>pedae</strong></span> <span class='ocrx_word' id='word_1_447' title='bbox 1556 3949 1647 4000; x_wconf 70' lang='lat' dir='ltr'><strong>egen·</strong></span> 
     </span>
     <span class='ocr_line' id='line_1_39' title="bbox 295 4007 1647 4076; baseline 0.004 -15"><span class='ocrx_word' id='word_1_448' title='bbox 295 4007 414 4074; x_wconf 73' lang='lat' dir='ltr'><strong>curtatis}</strong></span> <span class='ocrx_word' id='word_1_449' title='bbox 431 4015 575 4072; x_wconf 74' lang='lat' dir='ltr'><strong>«quoniam</strong></span> <span class='ocrx_word' id='word_1_450' title='bbox 590 4025 680 4063; x_wconf 89' lang='lat' dir='ltr'><strong>eorum</strong></span> <span class='ocrx_word' id='word_1_451' title='bbox 695 4011 826 4073; x_wconf 86' lang='lat' dir='ltr'><strong>praesidia</strong></span> <span class='ocrx_word' id='word_1_452' title='bbox 842 4019 948 4064; x_wconf 76' lang='lat' dir='ltr'><strong>cremia</strong></span> <span class='ocrx_word' id='word_1_453' title='bbox 988 4023 1038 4076; x_wconf 81' lang='lat' dir='ltr'><strong>guo</strong></span> <span class='ocrx_word' id='word_1_454' title='bbox 1056 4015 1081 4061; x_wconf 88' lang='lat' dir='ltr'><strong>ct</strong></span> <span class='ocrx_word' id='word_1_455' title='bbox 1097 4012 1221 4062; x_wconf 77' lang='lat' dir='ltr'><strong>mutieres</strong></span> <span class='ocrx_word' id='word_1_456' title='bbox 1238 4014 1321 4064; x_wconf 87' lang='lat' dir='ltr'><strong>mites.</strong></span> <span class='ocrx_word' id='word_1_457' title='bbox 1342 4014 1431 4066; x_wconf 85' lang='lat' dir='ltr'><strong>Germ.</strong></span> <span class='ocrx_word' id='word_1_458' title='bbox 1446 4016 1476 4066; x_wconf 81' lang='lat' dir='ltr'><strong>ie</strong></span> <span class='ocrx_word' id='word_1_459' title='bbox 1497 4013 1647 4068; x_wconf 70' lang='lat' dir='ltr'><strong>Garsauria</strong></span> 
     </span>
     <span class='ocr_line' id='line_1_40' title="bbox 296 4091 1646 4159; baseline 0.005 -18"><span class='ocrx_word' id='word_1_460' title='bbox 296 4093 377 4152; x_wconf 82' lang='lat' dir='ltr'><strong>etque</strong></span> <span class='ocrx_word' id='word_1_461' title='bbox 403 4093 529 4142; x_wconf 77' lang='lat' dir='ltr'><strong>exercitui</strong></span> <span class='ocrx_word' id='word_1_462' title='bbox 554 4093 606 4142; x_wconf 87' lang='lat' dir='ltr'><strong>ient</strong></span> <span class='ocrx_word' id='word_1_463' title='bbox 635 4099 771 4156; x_wconf 88' lang='lat' dir='ltr'><strong>aggregate</strong></span> <span class='ocrx_word' id='word_1_464' title='bbox 796 4099 887 4143; x_wconf 76' lang='lat' dir='ltr'><strong>eunt.»</strong></span> <span class='ocrx_word' id='word_1_465' title='bbox 917 4117 947 4130; x_wconf 91' lang='lat'><strong>-·</strong></span> <span class='ocrx_word' id='word_1_466' title='bbox 988 4093 1072 4142; x_wconf 82' lang='lat' dir='ltr'><strong>omnis</strong></span> <span class='ocrx_word' id='word_1_467' title='bbox 1091 4105 1109 4141; x_wconf 90' lang='lat' dir='ltr'><strong>n</strong></span> <span class='ocrx_word' id='word_1_468' title='bbox 1128 4091 1212 4142; x_wconf 81' lang='lat' dir='ltr'><strong>licitis</strong></span> <span class='ocrx_word' id='word_1_469' title='bbox 1231 4093 1372 4159; x_wconf 71' lang='lat' dir='ltr'><strong>iinoetsque</strong></span> <span class='ocrx_word' id='word_1_470' title='bbox 1388 4095 1646 4148; x_wconf 65' lang='lat' dir='ltr'><strong>remanentium.</strong></span> 
     </span>
     <span class='ocr_line' id='line_1_41' title="bbox 295 4167 1646 4240; baseline 0.005 -20"><span class='ocrx_word' id='word_1_471' title='bbox 295 4167 395 4235; x_wconf 79' lang='lat' dir='ltr'><strong>eroum]</strong></span> <span class='ocrx_word' id='word_1_472' title='bbox 412 4175 613 4222; x_wconf 77' lang='lat' dir='ltr'><strong>«veteranorum</strong></span> <span class='ocrx_word' id='word_1_473' title='bbox 626 4171 659 4222; x_wconf 87' lang='lat' dir='ltr'><strong>ad</strong></span> <span class='ocrx_word' id='word_1_474' title='bbox 672 4171 878 4236; x_wconf 85' lang='lat' dir='ltr'><strong>depugnandum</strong></span> <span class='ocrx_word' id='word_1_475' title='bbox 898 4174 948 4222; x_wconf 86' lang='lat' dir='ltr'><strong>iam</strong></span> <span class='ocrx_word' id='word_1_476' title='bbox 989 4194 1021 4208; x_wconf 90' lang='lat'>-</span> <span class='ocrx_word' id='word_1_477' title='bbox 1042 4169 1285 4238; x_wconf 71' lang='lat' dir='ltr'><strong>temperarentur]</strong></span> <span class='ocrx_word' id='word_1_478' title='bbox 1309 4174 1425 4225; x_wconf 82' lang='lat' dir='ltr'><strong>Verbum</strong></span> <span class='ocrx_word' id='word_1_479' title='bbox 1442 4174 1554 4238; x_wconf 72' lang='lat' dir='ltr'><strong>etigunt</strong></span> <span class='ocrx_word' id='word_1_480' title='bbox 1573 4179 1646 4240; x_wconf 81' lang='lat' dir='ltr'><strong>ecgi-</strong></span> 
     </span>
     <span class='ocr_line' id='line_1_42' title="bbox 297 4250 1647 4319; baseline 0.006 -21"><span class='ocrx_word' id='word_1_481' title='bbox 297 4250 526 4302; x_wconf 75' lang='lat' dir='ltr'><strong>concubinum.»</strong></span> <span class='ocrx_word' id='word_1_482' title='bbox 548 4252 855 4316; x_wconf 59' lang='lat' dir='ltr'><strong>-neprcmuatcipim</strong></span> <span class='ocrx_word' id='word_1_483' title='bbox 880 4265 949 4302; x_wconf 79' lang='lat' dir='ltr'><strong>aaut·</strong></span> <span class='ocrx_word' id='word_1_484' title='bbox 990 4252 1090 4302; x_wconf 86' lang='lat' dir='ltr'><strong>tatione</strong></span> <span class='ocrx_word' id='word_1_485' title='bbox 1120 4253 1298 4314; x_wconf 81' lang='lat' dir='ltr'><strong>supplendum</strong></span> <span class='ocrx_word' id='word_1_486' title='bbox 1327 4262 1384 4313; x_wconf 88' lang='lat' dir='ltr'><strong>eat,</strong></span> <span class='ocrx_word' id='word_1_487' title='bbox 1414 4255 1647 4319; x_wconf 80' lang='lat' dir='ltr'><strong>conspiciebantur</strong></span> 
     </span>
     <span class='ocr_line' id='line_1_43' title="bbox 297 4329 1646 4398; baseline 0.007 -19"><span class='ocrx_word' id='word_1_488' title='bbox 297 4329 392 4392; x_wconf 88' lang='lat' dir='ltr'><strong>biguae</strong></span> <span class='ocrx_word' id='word_1_489' title='bbox 415 4330 476 4382; x_wconf 87' lang='lat' dir='ltr'><strong>tidei</strong></span> <span class='ocrx_word' id='word_1_490' title='bbox 496 4330 574 4381; x_wconf 89' lang='lat' dir='ltr'><strong>at&#39;ad</strong></span> <span class='ocrx_word' id='word_1_491' title='bbox 596 4329 771 4382; x_wconf 85' lang='lat' dir='ltr'><strong>deiectionem</strong></span> <span class='ocrx_word' id='word_1_492' title='bbox 791 4339 948 4395; x_wconf 69' lang='lat' dir='ltr'><strong>proruptam</strong></span> <span class='ocrx_word' id='word_1_493' title='bbox 989 4333 1043 4382; x_wconf 82' lang='lat' dir='ltr'><strong>sies</strong></span> <span class='ocrx_word' id='word_1_494' title='bbox 1059 4331 1235 4394; x_wconf 78' lang='lat' dir='ltr'><strong>apparebunt.</strong></span> <span class='ocrx_word' id='word_1_495' title='bbox 1257 4332 1334 4395; x_wconf 80' lang='lat' dir='ltr'><strong>quale</strong></span> <span class='ocrx_word' id='word_1_496' title='bbox 1347 4335 1368 4384; x_wconf 88' lang='lat' dir='ltr'><strong>ai</strong></span> <span class='ocrx_word' id='word_1_497' title='bbox 1382 4336 1546 4398; x_wconf 77' lang='lat' dir='ltr'><strong>inseruisset,</strong></span> <span class='ocrx_word' id='word_1_498' title='bbox 1559 4337 1646 4388; x_wconf 86' lang='lat' dir='ltr'><strong>muita</strong></span> 
     </span>
     <span class='ocr_line' id='line_1_44' title="bbox 297 4411 1647 4474; baseline 0.007 -15"><span class='ocrx_word' id='word_1_499' title='bbox 297 4411 398 4474; x_wconf 82' lang='lat' dir='ltr'><strong>quippe</strong></span> <span class='ocrx_word' id='word_1_500' title='bbox 416 4421 476 4459; x_wconf 92' lang='lat' dir='ltr'><strong>cum</strong></span> <span class='ocrx_word' id='word_1_501' title='bbox 496 4411 641 4462; x_wconf 87' lang='lat' dir='ltr'><strong>incolarum</strong></span> <span class='ocrx_word' id='word_1_502' title='bbox 655 4423 748 4474; x_wconf 87' lang='lat' dir='ltr'><strong>magne</strong></span> <span class='ocrx_word' id='word_1_503' title='bbox 769 4425 827 4474; x_wconf 88' lang='lat' dir='ltr'><strong>pars</strong></span> <span class='ocrx_word' id='word_1_504' title='bbox 847 4427 876 4465; x_wconf 85' lang='lat' dir='ltr'><strong>er</strong></span> <span class='ocrx_word' id='word_1_505' title='bbox 894 4412 950 4462; x_wconf 86' lang='lat' dir='ltr'><strong>liri-</strong></span> <span class='ocrx_word' id='word_1_506' title='bbox 989 4411 1140 4474; x_wconf 85' lang='lat' dir='ltr'><strong>ienguidicr</strong></span> <span class='ocrx_word' id='word_1_507' title='bbox 1156 4412 1224 4464; x_wconf 88' lang='lat' dir='ltr'><strong>tacte</strong></span> <span class='ocrx_word' id='word_1_508' title='bbox 1243 4420 1313 4464; x_wconf 85' lang='lat' dir='ltr'><strong>essct</strong></span> <span class='ocrx_word' id='word_1_509' title='bbox 1329 4418 1472 4466; x_wconf 87' lang='lat' dir='ltr'><strong>sententie.</strong></span> <span class='ocrx_word' id='word_1_510' title='bbox 1484 4419 1647 4468; x_wconf 81' lang='lat' dir='ltr'><strong>-e‘artree-</strong></span> 
     </span>
     <span class='ocr_line' id='line_1_45' title="bbox 298 4488 1646 4562; baseline 0.006 -22"><span class='ocrx_word' id='word_1_511' title='bbox 298 4495 385 4562; x_wconf 86' lang='lat' dir='ltr'><strong>tannis</strong></span> <span class='ocrx_word' id='word_1_512' title='bbox 411 4497 553 4543; x_wconf 79' lang='lat' dir='ltr'><strong>ccrirtaret.</strong></span> <span class='ocrx_word' id='word_1_513' title='bbox 590 4490 644 4541; x_wconf 84' lang='lat' dir='ltr'><strong>cir.</strong></span> <span class='ocrx_word' id='word_1_514' title='bbox 663 4490 733 4544; x_wconf 74' lang='lat' dir='ltr'><strong>iun.</strong></span> <span class='ocrx_word' id='word_1_515' title='bbox 756 4493 800 4550; x_wconf 89' lang='lat' dir='ltr'><strong>it,</strong></span> <span class='ocrx_word' id='word_1_516' title='bbox 820 4491 871 4542; x_wconf 69' lang='lat' dir='ltr'><strong>uite</strong></span> <span class='ocrx_word' id='word_1_517' title='bbox 896 4506 951 4542; x_wconf 82' lang='lat' dir='ltr'><strong>uon</strong></span> <span class='ocrx_word' id='word_1_518' title='bbox 989 4491 1068 4542; x_wconf 84' lang='lat' dir='ltr'><strong>batur</strong></span> <span class='ocrx_word' id='word_1_519' title='bbox 1087 4488 1168 4556; x_wconf 82' lang='lat' dir='ltr'><strong>scies]</strong></span> <span class='ocrx_word' id='word_1_520' title='bbox 1189 4492 1414 4555; x_wconf 86' lang='lat' dir='ltr'><strong>Celadonicrum;</strong></span> <span class='ocrx_word' id='word_1_521' title='bbox 1435 4494 1509 4549; x_wconf 90' lang='lat' dir='ltr'><strong>unde</strong></span> <span class='ocrx_word' id='word_1_522' title='bbox 1527 4503 1646 4562; x_wconf 85' lang='lat' dir='ltr'><strong>praestat</strong></span> 
     </span>
     <span class='ocr_line' id='line_1_46' title="bbox 298 4570 1646 4636; baseline 0.007 -14"><span class='ocrx_word' id='word_1_523' title='bbox 298 4571 364 4622; x_wconf 81' lang='lat' dir='ltr'><strong>aden</strong></span> <span class='ocrx_word' id='word_1_524' title='bbox 382 4583 492 4634; x_wconf 76' lang='lat' dir='ltr'><strong>caprum</strong></span> <span class='ocrx_word' id='word_1_525' title='bbox 509 4570 628 4620; x_wconf 82' lang='lat' dir='ltr'><strong>licitum.</strong></span> <span class='ocrx_word' id='word_1_526' title='bbox 658 4570 796 4623; x_wconf 88' lang='lat' dir='ltr'><strong>Waicbtus</strong></span> <span class='ocrx_word' id='word_1_527' title='bbox 815 4579 951 4634; x_wconf 85' lang='lat' dir='ltr'><strong>comparat</strong></span> <span class='ocrx_word' id='word_1_528' title='bbox 989 4583 1063 4621; x_wconf 91' lang='lat' dir='ltr'><strong>num.</strong></span> <span class='ocrx_word' id='word_1_529' title='bbox 1090 4573 1239 4636; x_wconf 85' lang='lat' dir='ltr'><strong>singularis.</strong></span> <span class='ocrx_word' id='word_1_530' title='bbox 1259 4597 1294 4609; x_wconf 88' lang='lat'><em>-</em></span> <span class='ocrx_word' id='word_1_531' title='bbox 1315 4575 1427 4626; x_wconf 82' lang='lat' dir='ltr'><strong>eaiitterse</strong></span> <span class='ocrx_word' id='word_1_532' title='bbox 1449 4578 1646 4630; x_wconf 68' lang='lat' dir='ltr'><strong>acuminata</strong></span> 
     </span>
     <span class='ocr_line' id='line_1_47' title="bbox 298 4646 1645 4715; baseline 0.007 -15"><span class='ocrx_word' id='word_1_533' title='bbox 298 4651 380 4712; x_wconf 76' lang='lat' dir='ltr'><strong>soph.</strong></span> <span class='ocrx_word' id='word_1_534' title='bbox 402 4649 444 4700; x_wconf 78' lang='lat' dir='ltr'><strong>Ei.</strong></span> <span class='ocrx_word' id='word_1_535' title='bbox 464 4650 550 4700; x_wconf 82' lang='lat' dir='ltr'><strong>icio:</strong></span> <span class='ocrx_word' id='word_1_536' title='bbox 579 4646 615 4700; x_wconf 85' lang='lat' dir='ltr'><strong>eci</strong></span> <span class='ocrx_word' id='word_1_537' title='bbox 638 4648 661 4700; x_wconf 79' lang='grc' dir='ltr'><strong>δ’</strong></span> <span class='ocrx_word' id='word_1_538' title='bbox 686 4648 719 4701; x_wconf 79' lang='grc' dir='ltr'><strong>ἐκ</strong></span> <span class='ocrx_word' id='word_1_539' title='bbox 740 4647 840 4715; x_wconf 79' lang='grc' dir='ltr'><strong><em>δόμων</em></strong></span> <span class='ocrx_word' id='word_1_540' title='bbox 858 4657 949 4703; x_wconf 77' lang='lat' dir='ltr'><strong>uocet.</strong></span> <span class='ocrx_word' id='word_1_541' title='bbox 988 4651 1074 4701; x_wconf 75' lang='lat' dir='ltr'><strong>adbuc</strong></span> <span class='ocrx_word' id='word_1_542' title='bbox 1090 4652 1412 4714; x_wconf 83' lang='lat' dir='ltr'><strong>rutur1birnitcetcrere</strong></span> <span class='ocrx_word' id='word_1_543' title='bbox 1431 4654 1530 4708; x_wconf 82' lang='lat' dir='ltr'><strong>lectio:</strong></span> <span class='ocrx_word' id='word_1_544' title='bbox 1549 4669 1645 4710; x_wconf 79' lang='lat' dir='ltr'><strong>amnes</strong></span> 
     </span>
     <span class='ocr_line' id='line_1_48' title="bbox 299 4728 1644 4802; baseline 0.008 -24"><span class='ocrx_word' id='word_1_545' title='bbox 299 4728 540 4792; x_wconf 62' lang='lat' dir='ltr'><strong>acrinitensi:</strong></span> <span class='ocrx_word' id='word_1_546' title='bbox 560 4729 610 4780; x_wconf 74' lang='lat' dir='ltr'><strong>aet</strong></span> <span class='ocrx_word' id='word_1_547' title='bbox 627 4728 758 4781; x_wconf 78' lang='lat' dir='ltr'><strong>ecceteci</strong></span> <span class='ocrx_word' id='word_1_548' title='bbox 769 4729 906 4794; x_wconf 76' lang='lat' dir='ltr'><strong>mileum.</strong></span> <span class='ocrx_word' id='word_1_549' title='bbox 919 4756 947 4770; x_wconf 89' lang='lat'>-</span> <span class='ocrx_word' id='word_1_550' title='bbox 988 4737 1076 4782; x_wconf 85' lang='lat' dir='ltr'><strong>autern</strong></span> <span class='ocrx_word' id='word_1_551' title='bbox 1096 4731 1176 4784; x_wconf 87' lang='lat' dir='ltr'><strong>buius</strong></span> <span class='ocrx_word' id='word_1_552' title='bbox 1193 4734 1243 4784; x_wconf 87' lang='lat' dir='ltr'><strong>icet</strong></span> <span class='ocrx_word' id='word_1_553' title='bbox 1263 4733 1356 4786; x_wconf 89' lang='lat' dir='ltr'><strong>turbae</strong></span> <span class='ocrx_word' id='word_1_554' title='bbox 1375 4747 1406 4786; x_wconf 86' lang='lat' dir='ltr'><strong>er</strong></span> <span class='ocrx_word' id='word_1_555' title='bbox 1426 4749 1459 4788; x_wconf 88' lang='lat' dir='ltr'><strong>co</strong></span> <span class='ocrx_word' id='word_1_556' title='bbox 1476 4743 1549 4789; x_wconf 88' lang='lat' dir='ltr'><strong>artae</strong></span> <span class='ocrx_word' id='word_1_557' title='bbox 1568 4746 1644 4802; x_wconf 57' lang='lat' dir='ltr'><strong>aaut</strong></span> 
     </span>
     <span class='ocr_line' id='line_1_49' title="bbox 299 4805 1645 4880; baseline 0.009 -22"><span class='ocrx_word' id='word_1_558' title='bbox 299 4809 364 4868; x_wconf 85' lang='lat' dir='ltr'><strong>duc,</strong></span> <span class='ocrx_word' id='word_1_559' title='bbox 379 4810 420 4858; x_wconf 77' lang='lat' dir='ltr'><strong>tic</strong></span> <span class='ocrx_word' id='word_1_560' title='bbox 436 4805 575 4872; x_wconf 63' lang='lat' dir='ltr'><strong>aaudiat]</strong></span> <span class='ocrx_word' id='word_1_561' title='bbox 598 4810 810 4870; x_wconf 76' lang='lat' dir='ltr'><strong>«Romanorum,</strong></span> <span class='ocrx_word' id='word_1_562' title='bbox 824 4825 890 4873; x_wconf 80' lang='lat' dir='ltr'><strong>quos</strong></span> <span class='ocrx_word' id='word_1_563' title='bbox 904 4811 949 4862; x_wconf 92' lang='lat' dir='ltr'><strong>ubi</strong></span> <span class='ocrx_word' id='word_1_564' title='bbox 989 4813 1061 4874; x_wconf 78' lang='lat' dir='ltr'><strong>guod</strong></span> <span class='ocrx_word' id='word_1_565' title='bbox 1082 4809 1298 4880; x_wconf 63' lang='lat' dir='ltr'><strong>percutentes</strong></span> <span class='ocrx_word' id='word_1_566' title='bbox 1323 4817 1350 4866; x_wconf 94' lang='lat' dir='ltr'><strong>in</strong></span> <span class='ocrx_word' id='word_1_567' title='bbox 1367 4815 1508 4869; x_wconf 82' lang='lat' dir='ltr'><strong>Puteolani</strong></span> <span class='ocrx_word' id='word_1_568' title='bbox 1530 4818 1580 4870; x_wconf 81' lang='lat' dir='ltr'><strong>ita.</strong></span> <span class='ocrx_word' id='word_1_569' title='bbox 1598 4833 1645 4870; x_wconf 85' lang='lat' dir='ltr'><strong>cr·</strong></span> 
     </span>
     <span class='ocr_line' id='line_1_50' title="bbox 299 4889 1643 4962; baseline 0.009 -24"><span class='ocrx_word' id='word_1_570' title='bbox 299 4889 437 4940; x_wconf 87' lang='lat' dir='ltr'><strong>occidione</strong></span> <span class='ocrx_word' id='word_1_571' title='bbox 457 4889 622 4950; x_wconf 81' lang='lat' dir='ltr'><strong>occideritis,</strong></span> <span class='ocrx_word' id='word_1_572' title='bbox 649 4893 676 4940; x_wconf 94' lang='lat' dir='ltr'><strong>in</strong></span> <span class='ocrx_word' id='word_1_573' title='bbox 696 4897 852 4953; x_wconf 89' lang='lat' dir='ltr'><strong>perpetuum</strong></span> <span class='ocrx_word' id='word_1_574' title='bbox 870 4894 949 4944; x_wconf 84' lang='lat' dir='ltr'><strong>soluti</strong></span> <span class='ocrx_word' id='word_1_575' title='bbox 988 4893 1053 4942; x_wconf 88' lang='lat' dir='ltr'><strong>cidit</strong></span> <span class='ocrx_word' id='word_1_576' title='bbox 1071 4907 1095 4944; x_wconf 79' lang='lat' dir='ltr'><strong>a.</strong></span> <span class='ocrx_word' id='word_1_577' title='bbox 1115 4893 1318 4956; x_wconf 75' lang='lat' dir='ltr'><strong>accendendum,</strong></span> <span class='ocrx_word' id='word_1_578' title='bbox 1338 4907 1419 4959; x_wconf 75' lang='lat' dir='ltr'><strong>gneus</strong></span> <span class='ocrx_word' id='word_1_579' title='bbox 1439 4897 1572 4950; x_wconf 85' lang='lat' dir='ltr'><strong>deiectum</strong></span> <span class='ocrx_word' id='word_1_580' title='bbox 1594 4901 1643 4962; x_wconf 78' lang='lat' dir='ltr'><strong>uui</strong></span> 
     </span>
     <span class='ocr_line' id='line_1_51' title="bbox 300 4966 1639 5039; baseline 0.008 -21"><span class='ocrx_word' id='word_1_581' title='bbox 300 4970 372 5018; x_wconf 89' lang='lat' dir='ltr'><strong>eritis</strong></span> <span class='ocrx_word' id='word_1_582' title='bbox 398 4966 431 5017; x_wconf 92' lang='lat' dir='ltr'><strong>eb</strong></span> <span class='ocrx_word' id='word_1_583' title='bbox 462 4969 585 5020; x_wconf 87' lang='lat' dir='ltr'><strong>crnnibue</strong></span> <span class='ocrx_word' id='word_1_584' title='bbox 612 4969 738 5021; x_wconf 83' lang='lat' dir='ltr'><strong>molestiis</strong></span> <span class='ocrx_word' id='word_1_585' title='bbox 768 4982 799 5021; x_wconf 86' lang='lat' dir='ltr'><strong>aa</strong></span> <span class='ocrx_word' id='word_1_586' title='bbox 826 4973 949 5030; x_wconf 79' lang='lat' dir='ltr'><strong>misertis,</strong></span> <span class='ocrx_word' id='word_1_587' title='bbox 988 4971 1249 5035; x_wconf 79' lang='lat' dir='ltr'><strong>animadvertebant,</strong></span> <span class='ocrx_word' id='word_1_588' title='bbox 1278 4977 1349 5028; x_wconf 78' lang='lat' dir='ltr'><strong>varie</strong></span> <span class='ocrx_word' id='word_1_589' title='bbox 1380 4977 1580 5039; x_wconf 79' lang='lat' dir='ltr'><strong>suppleverunt.</strong></span> <span class='ocrx_word' id='word_1_590' title='bbox 1606 5001 1639 5018; x_wconf 92' lang='lat'>-</span> 
     </span>
     <span class='ocr_line' id='line_1_52' title="bbox 300 5045 1642 5119; baseline 0.01 -23"><span class='ocrx_word' id='word_1_591' title='bbox 300 5045 396 5110; x_wconf 81' lang='lat' dir='ltr'><strong>cuibus</strong></span> <span class='ocrx_word' id='word_1_592' title='bbox 415 5051 492 5098; x_wconf 86' lang='lat' dir='ltr'><strong>ermis</strong></span> <span class='ocrx_word' id='word_1_593' title='bbox 510 5053 566 5100; x_wconf 86' lang='lat' dir='ltr'><strong>ruis</strong></span> <span class='ocrx_word' id='word_1_594' title='bbox 578 5048 638 5102; x_wconf 83' lang='lat' dir='ltr'><strong>ireti</strong></span> <span class='ocrx_word' id='word_1_595' title='bbox 652 5049 784 5102; x_wconf 82' lang='lat' dir='ltr'><strong>subiectos</strong></span> <span class='ocrx_word' id='word_1_596' title='bbox 800 5049 949 5102; x_wconf 74' lang='lat' dir='ltr'><strong>afficiunt.»</strong></span> <span class='ocrx_word' id='word_1_597' title='bbox 989 5057 1099 5102; x_wconf 83' lang='lat' dir='ltr'><strong>octncue</strong></span> <span class='ocrx_word' id='word_1_598' title='bbox 1117 5050 1223 5119; x_wconf 80' lang='lat' dir='ltr'><strong>aanor]</strong></span> <span class='ocrx_word' id='word_1_599' title='bbox 1242 5053 1370 5107; x_wconf 83' lang='lat' dir='ltr'><strong>Numeret</strong></span> <span class='ocrx_word' id='word_1_600' title='bbox 1388 5057 1451 5108; x_wconf 86' lang='lat' dir='ltr'><strong>inde</strong></span> <span class='ocrx_word' id='word_1_601' title='bbox 1469 5071 1485 5109; x_wconf 93' lang='lat' dir='ltr'><strong>a</strong></span> <span class='ocrx_word' id='word_1_602' title='bbox 1502 5057 1642 5110; x_wconf 86' lang='lat' dir='ltr'><strong>coneuietn</strong></span> 
     </span>
     <span class='ocr_line' id='line_1_53' title="bbox 301 5126 1642 5204; baseline 0.011 -28"><span class='ocrx_word' id='word_1_603' title='bbox 301 5126 359 5178; x_wconf 84' lang='lat' dir='ltr'><strong>iiec</strong></span> <span class='ocrx_word' id='word_1_604' title='bbox 385 5128 455 5178; x_wconf 85' lang='lat' dir='ltr'><strong>cuim</strong></span> <span class='ocrx_word' id='word_1_605' title='bbox 483 5130 553 5180; x_wconf 90' lang='lat' dir='ltr'><strong>iaeet</strong></span> <span class='ocrx_word' id='word_1_606' title='bbox 574 5131 601 5180; x_wconf 91' lang='lat' dir='ltr'><strong>in</strong></span> <span class='ocrx_word' id='word_1_607' title='bbox 625 5143 666 5184; x_wconf 82' lang='lat' dir='ltr'><strong>ee.</strong></span> <span class='ocrx_word' id='word_1_608' title='bbox 689 5129 742 5190; x_wconf 82' lang='lat' dir='ltr'><strong>iti,</strong></span> <span class='ocrx_word' id='word_1_609' title='bbox 769 5130 853 5183; x_wconf 89' lang='lat' dir='ltr'><strong>euitra</strong></span> <span class='ocrx_word' id='word_1_610' title='bbox 878 5132 950 5183; x_wconf 84' lang='lat' dir='ltr'><strong>nuuc</strong></span> <span class='ocrx_word' id='word_1_611' title='bbox 987 5145 1038 5190; x_wconf 86' lang='lat' dir='ltr'><strong>suc</strong></span> <span class='ocrx_word' id='word_1_612' title='bbox 1059 5145 1086 5186; x_wconf 86' lang='lat' dir='ltr'><strong>t.</strong></span> <span class='ocrx_word' id='word_1_613' title='bbox 1110 5132 1172 5186; x_wconf 79' lang='lat'><strong>8³0.</strong></span> <span class='ocrx_word' id='word_1_614' title='bbox 1203 5135 1263 5189; x_wconf 77' lang='lat' dir='ltr'><strong>Kal.</strong></span> <span class='ocrx_word' id='word_1_615' title='bbox 1286 5135 1428 5191; x_wconf 81' lang='lat' dir='ltr'><strong>lui-itai.</strong></span> <span class='ocrx_word' id='word_1_616' title='bbox 1457 5135 1550 5203; x_wconf 76' lang='lat' dir='ltr'><strong>sepe,</strong></span> <span class='ocrx_word' id='word_1_617' title='bbox 1578 5145 1642 5204; x_wconf 76' lang='lat' dir='ltr'><strong>poet</strong></span> 
     </span>
    </p>
   </div>
   <div class='ocr_carea' id='block_1_6' title="bbox 0 0 1797 5878">
    <p class='ocr_par' dir='ltr' id='par_1_8' title="bbox 0 0 1797 5878">
     <span class='ocr_line' id='line_1_54' title="bbox 0 0 1797 5878; baseline 0 0"><span class='ocrx_word' id='word_1_618' title='bbox 0 0 1797 5878; x_wconf 95' lang='lat' dir='ltr'><strong> </strong></span> 
     </span>
    </p>
   </div>
  </div>
 </body>
</html>
