3574 5878
510 485 722 578 umuoous
759 485 831 572 cap.
853 489 906 552 ss.
929 489 983 553 aa.
1357 493 1419 556 seo

85 651 159 710 sunt
179 645 287 731 aliqua
304 641 443 730 epistolis
465 663 574 711 eorum
596 648 712 713 inserta
734 648 903 736 exquibus
925 655 1031 714 mutua
1047 647 1222 733 malignitas
1237 648 1421 735 detegitur,)

84 779 151 822 nou
173 767 221 824 est
241 765 402 824 armornm
425 756 534 824 vitiam
555 762 611 824 sesi
632 759 805 825 hominum.
849 781 920 826 nam
953 769 985 826 et
1007 761 1136 826 Calrum
1167 761 1198 826 et
1219 761 1360 828 Asinium
1390 771 1421 826 et

84 869 191 952 ipsum
213 869 403 937 Ciceronem
424 869 521 938 credo
549 873 660 938 solitos
689 881 721 937 et
742 871 885 938 inridere
908 882 938 938 ct
960 873 1057 940 lirare
1080 882 1112 938 et
1133 874 1246 938 ceteris
1268 875 1422 940 humanae

85 981 277 1050 infirmitatis
303 983 388 1050 vitiis
408 985 512 1050 affici:
537 985 638 1052 solam
660 989 742 1050 inter
762 989 820 1052 hos
842 983 980 1052 arbitror
993 990 1123 1054 Brutum
1149 1007 1212 1052 uon
1233 985 1424 1070 malignitate

86 1095 301 1174 nec-invidia,
324 1100 380 1162 sed
402 1097 584 1184 simpliciter
605 1107 636 1164 et
657 1101 792 1184 ingenue
813 1101 961 1164 iudicium
985 1099 1081 1163 animi
1104 1102 1151 1165 sui
1181 1098 1348 1164 detexisse.
1385 1079 1447 1163 ani

85 1208 141 1274 illa
164 1210 307 1275 Ciceroni
329 1211 501 1288 invideret,
540 1210 594 1298 qui
621 1215 697 1277 mihi
726 1214 852 1278 videtur
879 1233 918 1278 ae
948 1211 1072 1278 Caesari
1101 1211 1227 1296 quidem
1252 1212 1425 1277 invidisset

87 1325 176 1407 quod
197 1322 237 1389 ad
259 1325 327 1388 Ser.
349 1325 480 1390 Galbam
503 1333 535 1390 et
557 1327 592 1390 C.
609 1325 750 1391 Laelium
772 1327 898 1400 attinet,
922 1334 954 1390 et
975 1327 1002 1389 si
1024 1345 1103 1412 quos
1125 1325 1203 1390 alios
1224 1327 1426 1412 antiquorum

87 1438 208 1520 agitare
240 1455 303 1502 nou
334 1435 467 1514 destitit,
501 1459 565 1504 non
595 1440 691 1523 exigit
720 1437 937 1514 defensorem,
971 1459 1042 1504 cum
1065 1439 1166 1503 iatear
1187 1441 1341 1525 quaedam
1363 1438 1428 1503 elo-

87 1551 235 1635 quentiae
250 1571 361 1616 eorum
381 1559 417 1616 ut
431 1554 568 1617 nascenti
582 1554 684 1617 adhuc
699 1570 757 1617 nec
771 1555 845 1617 satis
860 1551 983 1616 adultae
1010 1549 1165 1630 doluisses
1203 1549 1264 1635 (16)
1287 1557 1427 1616 ceterum

87 1663 114 1727 si
137 1664 255 1728 amima
285 1665 404 1749 optimo
436 1663 492 1730 illo
522 1675 555 1729 et
584 1662 813 1748 perfectissimo
842 1683 958 1748 genere
987 1663 1185 1750 eloquentiae
1212 1663 1466 1754 'eligendasitm

86 1773 191 1842 sorma
212 1775 353 1854 dicendi,
375 1777 482 1842 malim
504 1776 608 1842 hercle
631 1779 664 1843 C.
688 1778 819 1842 Gracchi
841 1779 995 1864 impetum
1016 1785 1070 1842 aut
1090 1781 1126 1842 L.
1145 1775 1247 1844 Crassi
1269 1776 1430 1844 maturita-

87 1897 152 1954 tem
176 1907 268 1974 quam
291 1889 485 1956 calamistros
511 1887 701 1956 Maecenatis
730 1899 785 1955 aut
805 1889 934 1954 tinnitus
957 1889 1116 1955 Gallionis.
1147 1887 1227 1954 adeo
1248 1889 1361 1955 melius
1383 1899 1431 1955 cst

88 2009 250 2067 maiorem
271 2003 322 2068 vel
343 2003 426 2068 hirta
446 2010 520 2086 toga
549 2001 682 2067 induere
704 2022 799 2088 quam
825 2001 935 2068 fucatis
964 2011 996 2068 at
1016 2002 1200 2070 meretriciis
1221 2001 1360 2069 restibus
1382 2003 1431 2068 in·

88 2116 221 2198 signire.
245 2135 352 2201 neque
374 2115 458 2182 euim
480 2116 637 2181 oratorius
658 2116 739 2190 iste,
763 2113 989 2191 immohercIe
1010 2137 1050 2181 ne
1073 2115 1174 2182 virilis
1188 2115 1315 2200 quidem
1329 2116 1431 2182 cultus

89 2237 155 2306 est,
187 2248 250 2316 quo
281 2227 428 2315 plerique
453 2237 633 2316 temporum
659 2235 841 2294 nostrorum
868 2237 993 2296 actores
1021 2231 1064 2294 ita
1091 2235 1220 2296 utuntur
1248 2237 1284 2294 ut
1304 2229 1468 2298 lasciviat⁸

161 2421 188 2470 1.
208 2419 296 2472 ilabet
313 2427 375 2472 sunt
393 2421 424 2482 Ρ,
443 2434 495 2472 noa
514 2420 652 2474 Puteolani
671 2424 826 2484 supersunt,
847 2419 943 2472 iactum
964 2434 994 2472 er
1013 2420 1082 2484 spir.
1103 2433 1190 2486 super.
1210 2447 1242 2462 -
1259 2421 1286 2476 tl.
1307 2420 1430 2488 Brutum]

88 2505 185 2542 uerum
197 2491 227 2541 P.
244 2515 273 2526 -
292 2491 319 2540 ³1.
339 2494 409 2557 quoii
427 2494 521 2542 attinet
533 2489 596 2554 eet]
616 2492 686 2542 ilinc
704 2493 734 2543 C.
746 2491 790 2541 16.
811 2494 915 2542 tntttum
934 2490 995 2542 iecit
1013 2491 1184 2543 Doederlein.
1207 2520 1233 2530 -
1255 2493 1310 2544 Ser.
1331 2495 1429 2546 Troas:

90 2563 212 2627 Sergium
230 2561 269 2619 P.
288 2561 409 2613 Seruium
426 2561 494 2615 lto.
516 2587 545 2598 -
566 2561 593 2611 C.
613 2563 653 2614 P:
674 2563 767 2614 Gaium
786 2561 855 2612 BD.
875 2587 909 2598 -
935 2562 963 2614 8.
985 2563 1070 2614 tiabat
1088 2562 1188 2614 destitit
1204 2564 1241 2624 P,
1262 2577 1314 2618 non
1331 2567 1432 2616 desistit

89 2633 231 2682 Puteolani
253 2639 280 2683 et
298 2633 408 2694 Pressit.
441 2635 487 2698 qul
507 2634 527 2684 P
546 2634 644 2683 destitit
662 2647 715 2684 aon
732 2633 927 2685 animaduertit.
948 2659 977 2670 -
999 2634 1041 2683 to.
1062 2635 1148 2696 opimo
1167 2633 1197 2685 P.
1225 2657 1259 2669 -
1290 2638 1333 2684 11.
1350 2638 1433 2687 iterate

90 2703 111 2752 P
127 2703 170 2752 lis
190 2702 304 2752 Hercule
324 2703 354 2752 li.
375 2729 403 2744 ·-·
435 2705 463 2755 G.
485 2702 520 2755 P:
541 2705 592 2756 Gai
610 2702 676 2754 BD.
699 2727 728 2742 -
760 2701 791 2753 1..
811 2702 847 2754 Pt
866 2703 943 2752 Lusii
960 2702 1028 2752 Bi).
1048 2729 1079 2740 -
1110 2705 1152 2754 tl.
1172 2704 1256 2756 hercle
1275 2705 1347 2756 Pil:
1368 2707 1433 2758 Her·

90 2774 147 2826 cute
165 2772 196 2824 is.
217 2798 249 2808 -
269 2773 312 2824 15.
333 2781 442 2828 autores
460 2776 510 2826 litt.
530 2790 549 2824 u
567 2782 665 2836 puncto
684 2773 824 2828 subactata
843 2781 870 2826 et
887 2786 1019 2836 superrat.
1039 2789 1053 2824 e
1071 2775 1102 2824 P.

90 2929 173 2980 mitio
189 2927 253 2980 atro
270 2929 453 2982 maturitatem
470 2927 571 2982 tribuit.
604 2927 746 2989 Compara·
784 2929 935 2994 margarita
953 2939 1067 2990 quaero,
1086 2928 1137 2980 Nec
1155 2940 1221 2992 quos
1241 2929 1358 2994 Pigniea
1369 2932 1432 2982 iimo

91 3013 142 3059 rim
158 3017 277 3062 nostrum
290 3010 422 3074 pedispen.
441 3033 475 3046 -
492 3005 670 3071 calamistros]
690 3008 747 3060 ile·
780 3009 924 3071 perpolivit
940 3007 1046 3058 Aneiios
1069 3021 1117 3072 nse
1139 3009 1241 3070 iaspios
1264 3009 1379 3074 lapillos.
1399 3033 1433 3048 -

91 3089 204 3149 uptrosa
224 3089 274 3140 irae
292 3088 325 3140 ta
342 3087 557 3153 generedicendi
571 3087 744 3145 nlmlsruolii.
784 3085 908 3152 tinnitus]
926 3090 1065 3148 strepitum
1085 3099 1162 3138 auses
1180 3089 1353 3149 implentem,
1373 3103 1432 3141 sen·

91 3170 218 3219 atrectatu
238 3173 266 3220 et
282 3181 362 3231 supra
381 3168 489 3219 modum
508 3175 601 3220 ornato
620 3181 683 3218 usur
706 3173 747 3217 est
784 3171 925 3218 teutiscam
944 3169 1060 3218 inanem.
1091 3165 1205 3229 Quintil.
1227 3167 1261 3228 1,
1276 3169 1308 3228 3.
1322 3167 1432 3220 1115·

92 3252 147 3299 ism
166 3247 259 3300 cicero
278 3249 354 3298 iirut.
374 3249 428 3309 ¹15,
450 3249 512 3299 151.
542 3247 745 3308 Orat-iistis:
784 3246 916 3296 misisset
944 3253 1083 3308 corruptos
1101 3250 1125 3296 et
1143 3247 1262 3296 tinnulos
1279 3253 1304 3298 et
1319 3263 1433 3314 guaruu-

91 3335 150 3378 tum
178 3329 352 3380 removebitur
383 3331 468 3380 omnis
497 3329 610 3392 insignis
638 3331 748 3380 ornatus
785 3337 834 3391 pus
851 3325 905 3376 alio
923 3325 1068 3376 sucossia'ae
1082 3335 1321 3392 amerspeecantss
1334 3335 1433 3380 eertum

91 3407 174 3474 quasi
190 3409 419 3474 margaritarum,
438 3420 472 3458 ne
485 3409 631 3458 calamistri
645 3408 748 3472 quidem
785 3405 867 3458 nabeo
893 3417 949 3456 non
973 3407 1071 3456 uirium
1102 3403 1148 3455 sesi
1174 3405 1339 3472 infirmitatis
1365 3411 1433 3460 uitio

93 3487 299 3538 adhibebuntur.
324 3485 534 3540 Similiterliioa.
545 3481 745 3549 iial.de'Comp.
784 3486 916 3536 laborm.
938 3483 1065 3536 Pinnuios
1078 3483 1195 3538 Senecae
1212 3477 1354 3538 ualentius
1365 3492 1435 3540 situ·

93 3579 138 3619 rr.
161 3559 249 3617 15εὸ
271 3565 302 3618 eli
323 3566 447 3618 Πλάτων
470 3567 542 3631 τούς
558 3566 668 3618 ἑαυτοῦ
688 3565 748 3617 ‹lsa-
786 3563 1303 3628 peratrruntottauenusto.puts.
1319 3568 1432 3632 Langia.

92 3643 204 3712 λόγους
229 3647 364 3710 κτενίζων
394 3647 446 3698 καλ
465 3641 670 3716 ’βοστρυχίζων
696 3645 748 3696 καὶ
785 3645 835 3704 13,
856 3642 889 3693 ts
919 3641 954 3695 sai
979 3641 1133 3706 πανταχοῦ
1147 3639 1282 3709 κώδωνας
1305 3643 1433 3716 ίξῆφθαι

92 3721 194 3776 πάντα
217 3723 327 3796 τρόπον
352 3720 523 3777 ἀναπλέκων
550 3719 588 3776 ori
612 3724 747 3776 διέλιπεν·
785 3723 851 3775 λίαν
867 3719 1053 3787 σοφιστικόν.
1073 3721 1198 3786 (Prorsus
1217 3731 1376 3778 eontrarium
1394 3735 1434 3781 ert

92 3805 234 3867 Nusquam
261 3809 302 3856 est
327 3804 399 3867 apud
425 3803 640 3866 Quintilianum,
674 3803 746 3867 quad
787 3804 914 3855 inulctam
939 3801 1041 3853 siaonn
1059 3802 1146 3864 Apoll.
1164 3803 1198 3863 5,
1220 3806 1273 3874 1on
1310 3809 1434 3871 procusa

93 3885 219 3944 mireris,
243 3885 293 3933 utri
312 3882 421 3935 tortasse
439 3885 517 3934 nimis
535 3886 586 3934 iam
607 3885 705 3935 usitata
723 3886 747 3933 et
787 3881 935 3944 Gallionis,
965 3881 1064 3934 seilicet
1083 3883 1285 3944 prosecutioni
1304 3885 1434 3952 tagenio.)

94 3967 152 4017 rtsa
171 3963 237 4014 irasc
255 3968 296 4014 est
313 3963 406 4027 ligura.
441 3963 555 4014 Nimiam
574 3967 661 4014 autam
681 3963 749 4014 hane
789 3957 972 4023 -Gaiiionisl
992 3959 1052 4012 liuo
1068 3960 1175 4012 inerant
1187 3963 1303 4016 rhetores
1317 3965 1348 4017 1..
1363 3965 1433 4018 iunii

95 4045 223 4094 dictionis
242 4043 378 4093 moltitiem
398 4045 426 4093 ln
438 4043 593 4094 Maecenate
606 4043 687 4094 tuisse
708 4049 746 4094 te·
788 4041 937 4100 Gallicum,
957 4047 1031 4103 pater
1049 4047 1076 4092 et
1092 4041 1162 4092 fliius
1179 4043 1317 4105 'adapttrus
1331 4045 1432 4099 Seuera

95 4129 184 4175 sutus
203 4123 278 4174 Suet.
302 4122 360 4173 Get.
383 4123 437 4173 aaa
457 4123 612 4188 exagitatas
630 4136 749 4174 nonnun-
787 4123 891 4174 rhetore
909 4128 996 4173 natus.
1028 4117 1107 4192 (arra.
1127 4122 1179 4182 15,
1197 4121 1256 4188 7³.)
1284 4123 1434 4188 significari

96 4217 181 4268 guam
202 4203 332 4265 inprimis
349 4201 529 4254 neemiam
554 4215 648 4264 marm,
675 4205 750 4253 euius
787 4201 815 4253 lr.
834 4202 851 4252 i.
871 4201 976 4253 ridetur
994 4207 1069 4264 pater
1087 4200 1208 4263 (Quintil.
1229 4201 1261 4260 a.
1281 4204 1314 4264 1,
1335 4206 1379 4256 11.
1399 4207 1433 4268 a,

95 4281 310 4352 μυροβρεκείς,
334 4285 364 4330 ut
382 4283 437 4341 ait,
457 4282 592 4332 cincinnos
607 4295 751 4346 mausona·
787 4283 820 4342 1,
839 4279 912 4344 tit.)‚
933 4289 1024 4344 utpote
1043 4281 1137 4332 clarior
1155 4286 1183 4332 et
1200 4286 1343 4346 vetustior,
1362 4285 1436 4340 Mac·

97 4373 150 4425 que
165 4361 332 4422 persequitur
350 4363 374 4410 et
391 4361 521 4412 imitantia
532 4374 580 4424 per
593 4363 676 4412 iocum
688 4361 752 4412 irri-
789 4364 873 4412 cenati
891 4373 1008 4423 suppari
1028 4361 1061 4410 de
1081 4374 1133 4423 auo
1152 4361 1253 4415 Seneca
1268 4363 1433 4419 (lantsoni.

97 4441 162 4498 asts
191 4439 261 4490 idem
280 4452 364 4502 prope
382 4439 447 4492 dicit
464 4441 582 4492 listron.
602 4441 657 4492 Sat.
676 4439 750 4502 1,4.
788 4441 909 4492 Prooem.
939 4453 965 4501 p.
993 4439 1054 4489 111.
1084 4439 1185 4491 Grani
1217 4443 1368 4495 idiotismus
1398 4451 1437 4495 est

99 4519 203 4571 Senam
230 4519 280 4581 lip.
301 4518 368 4570 asts
399 4521 459 4572 Non
479 4523 568 4572 oratio
592 4519 757 4572 Maecenatis»
788 4523 857 4572 inter
875 4521 1011 4571 oratorias
1027 4521 1136 4570 uirtutes
1151 4533 1192 4570 res
1212 4533 1281 4584 auae
1298 4535 1362 4572 rara
1372 4539 1436 4588 pro·

98 4611 182 4661 usque
192 4597 281 4650 solutas
293 4603 330 4649 est
349 4609 430 4662 guam
442 4601 499 4664 ipss
513 4599 674 4650 discinctus?
692 4599 753 4652 liora
790 4601 866 4650 erait.
885 4623 897 4636 ·
912 4623 923 4636 ·
942 4597 999 4649 tire
1015 4611 1089 4648 nemo
1099 4601 1234 4660 praestitit
1245 4614 1361 4666 tanquam
1375 4604 1437 4656 Gai-

98 4683 157 4732 ttsm
173 4679 301 4741 insignita
312 4679 475 4730 illiusuerta
491 4687 551 4730 suut
564 4679 751 4742 quamsultus.
790 4679 858 4730 unu
873 4683 965 4728 nostro
981 4677 1113 4727 decentius
1130 4685 1181 4730 tet.
1207 4701 1238 4716 -
1266 4681 1337 4732 iirta
1353 4679 1435 4747 topa]

99 4771 184 4822 quam
200 4759 359 4820 comitatus,
388 4771 470 4824 guam
487 4760 580 4808 usar?
619 4760 753 4811 Luculen·
790 4758 901 4821 Quintil.
911 4757 1243 4822 iP,i⁰‚i'lstiotsmpori‚
1255 4761 1436 4827 neiirtatopa

100 4843 159 4888 tum
186 4843 275 4890 autem
301 4838 380 4890 nutus
403 4839 577 4891 affectationis
605 4840 753 4903 exemplum
788 4839 1001 4899 sit‚uauseriea.
1020 4835 1436 4901 stecatantiuitprstioaausstis

101 4916 232 4980 praeirent
249 4917 290 4968 rel
315 4921 372 4970 eius
391 4918 599 4982 hendecasyllabi
618 4919 650 4970 ad
672 4919 754 4971 liora-
791 4919 897 4968 Hirtam
915 4917 1030 4967 membra
1046 4929 1142 4979 super,
1161 4915 1275 4969 Romani
1290 4931 1363 4972 more
1375 4923 1437 4986 Qni-

101 4997 671 5061 unnstnnsyestausa.1.n.1.p.so=
702 4999 755 5049 Lu·
789 4999 864 5053 ritis.
883 4996 1132 5060 iniuaissempam.
1167 4987 1435 5058 Eucan.2‚³8ti.-

101 5081 206 5136 mutes,
225 5089 283 5127 mes
299 5078 371 5134 sito,
397 5089 443 5127 uss
460 5078 633 5142 smaragdos.
663 5077 754 5141 Berni-
789 5072 897 5142 [mutis]
908 5073 1032 5137 Quinte.
1046 5075 1166 5127 Prooem.
1176 5075 1227 5128 Pus
1240 5077 1437 5134 iiisuanstuei-

103 5157 157 5214 ios,
177 5155 287 5218 Flesse,
306 5169 353 5210 aes
369 5157 498 5224 aientes,
524 5157 754 5222 nepesinum
790 5158 827 5210 ds
845 5161 871 5209 et
895 5155 1090 5210 uersicolor
1107 5157 1273 5223 quorundam
1290 5160 1437 5228 manentia

726 5387 825 5486 'siulf‘

720 5470 841 5563 :assenez

734 5581 781 5642 *λι
798 5571 830 5632 μ
