3574 5878
337 401 401 466 icc
842 397 1028 474 CORNELII
1048 399 1183 474 asciri

337 578 396 624 nec
428 559 572 624 Secundo
600 564 780 643 promptam
808 577 877 624 esse
905 579 1100 634 sermonem.
1130 569 1163 626 et
1183 563 1303 646 ipsum
1323 559 1450 645 iugenio
1470 558 1578 646 polias
1598 567 1632 624 ei
1654 562 1685 624 ai

337 681 465 738 naturae
487 691 581 754 quam
604 669 798 737 institutione
822 677 854 736 ei
868 669 982 736 litteris
995 673 1110 742 innan
1128 675 1330 758 eloquentiae
1345 681 1565 742 consecutum.
1612 693 1682 741 nan

337 795 367 850 et
395 781 540 848 Secundo
566 803 663 868 purus
685 791 717 848 et
738 803 866 867 prossus
888 793 937 860 et,
966 783 998 849 iu
1020 793 1169 872 quantum
1192 785 1268 852 satis
1289 794 1370 860 erat.
1393 784 1554 872 pnolluens
1575 807 1680 853 sermo

336 915 398 962 non
420 893 534 970 deluit,
564 905 595 962 et
615 900 701 978 Aper
724 896 810 962 omni
832 895 1010 970 eruditione
1034 896 1172 972 imbutus
1194 899 1414 968 contemnebat
1435 901 1541 984 petias
1564 901 1680 966 litteras

316 1029 430 1093 squam
444 1010 622 1084 nesciebat,
646 1019 804 1094 tamquam
820 1011 972 1076 maiorem
987 1010 1161 1076 industriae
1178 1021 1211 1078 et
1225 1009 1342 1083 laboris
1357 1011 1490 1098 gloriam
1506 1010 1679 1090 habiturus,

336 1122 363 1186 si
395 1119 555 1204 ingenium
589 1119 657 1186 eius
686 1119 779 1186 nullis
811 1120 984 1188 alienarum
1017 1125 1133 1191 artium
1163 1122 1360 1196 adminiculis
1390 1125 1481 1194 inuiti
1512 1126 1681 1192 videretur.

338 1232 378 1317 (3)
400 1233 498 1318 igitur
519 1241 552 1300 ut
575 1235 759 1302 intravimus
781 1233 959 1305 cubiculum
973 1238 1122 1311 Materni,
1145 1239 1327 1315 sedentem,
1349 1240 1454 1323 ipsum
1468 1259 1568 1328 quem
1583 1241 1680 1326 pridie

337 1348 522 1412 recitaverat
543 1348 659 1412 librum
680 1347 763 1413 intra
785 1367 895 1414 manus
916 1350 1085 1418 habentem
1107 1351 1383 1434 deprehendimus.

400 1463 478 1526 Tum
490 1462 666 1538 Secundus,
682 1458 807 1526 Nibilue
822 1468 874 1535 te..
884 1462 1004 1546 iuquit,
1017 1465 1173 1538 Materne.
1188 1461 1314 1533 fabulae
1327 1463 1539 1551 malignorum
1554 1472 1677 1538 terrem,

299 1592 400 1657 eoquo
415 1575 517 1639 minus
531 1571 666 1641 odensas
682 1577 805 1643 Catonis
827 1573 873 1640 tui
895 1579 1003 1641 amasi
1027 1597 1066 1640 aa
1088 1573 1162 1645 idco
1183 1575 1298 1646 librum
1320 1579 1413 1645 istum
1429 1580 1677 1664 apprehendisti,

336 1694 371 1752 ui
390 1684 569 1770 diligentius
582 1695 789 1764 recurreres,
814 1696 847 1752 et
859 1684 990 1754 sublatis
1004 1689 1031 1754 si
1045 1709 1109 1772 qua
1123 1709 1239 1774 pravae
1254 1689 1505 1776 interpretationi
1520 1693 1678 1758 materiam

338 1800 509 1877 dederuut,
533 1799 692 1869 emitteres
708 1803 856 1868 Catonem
871 1821 934 1868 aon
947 1799 1075 1888 quidem
1090 1804 1256 1872 meliorem
1270 1805 1327 1870 sed
1341 1811 1448 1876 tamea
1463 1805 1677 1874 mmnnraar

407 1981 432 2035 2.
451 1981 498 2032 iris
517 1995 576 2033 cum
592 1981 641 2034 tin.
660 1979 691 2033 Ρ.
715 2005 745 2018 -
764 1983 791 2034 i.
812 1979 893 2046 omni]
914 1997 971 2033 cum
989 1983 1020 2034 Ρ.
1051 1983 1084 2034 m
1102 1997 1168 2046 nos,
1189 1983 1219 2034 Ρ.
1240 1983 1322 2036 Vatis.
1341 1983 1421 2036 iesa.
1447 1980 1520 2047 (cuns
1540 1993 1629 2037 ortum
1646 1987 1676 2036 ri·

337 2051 414 2104 detur
433 2065 464 2104 es
482 2057 627 2114 scripturae
646 2054 803 2114 compendio
822 2066 959 2115 perperam
979 2055 1131 2119 explicato.)
1147 2081 1178 2093 -
1197 2055 1369 2106 contendebat
1382 2055 1411 2104 Ρ.
1429 2079 1458 2093 -
1477 2053 1504 2104 3.
1524 2058 1609 2108 innui
1621 2059 1672 2120 spii.

336 2125 367 2173 in
384 2135 516 2185 superscr.
537 2123 573 2172 ad
591 2123 621 2174 Ρ.
644 2151 670 2162 -
690 2125 719 2174 7.
738 2125 824 2188 ipsum
843 2137 917 2190 quens
935 2124 954 2173 Ρ
970 2124 1009 2174 ii:
1037 2127 1122 2186 ipsum
1141 2133 1180 2180 et.
1201 2139 1275 2189 qoem
1291 2139 1351 2177 cum
1372 2126 1422 2176 lid.
1443 2127 1521 2178 Rem.
1544 2135 1571 2178 et
1590 2127 1675 2190 lipsio

337 2193 378 2252 11,
395 2196 545 2258 ipsumque,
565 2207 640 2257 pann
658 2195 758 2245 Censor
776 2193 825 2245 iid-
846 2195 977 2245 waltheri
997 2197 1022 2244 in
1042 2195 1114 2248 iiiar.
1135 2195 1208 2260 Lips.
1230 2196 1308 2248 1333.
1327 2197 1360 2248 Ν.
1379 2195 1442 2246 183.
1463 2204 1490 2248 ιι
1509 2197 1602 2260 iiaupt
1615 2197 1676 2248 Phil.

337 2267 370 2384 ιι,
386 2265 471 2385 gudpd.
486 2263 744 2387 {tii;.-Ier'8';¹⁸:'¹ssrpn
762 2265 904 2326 Cuiaeius,
933 2271 963 2317 ut
980 2265 1050 2318 iou.
1071 2267 1104 2329 a,
1125 2267 1168 2318 io.
1189 2289 1222 2303 -
1250 2271 1292 2320 ii.
1312 2273 1470 2320 retractares
1486 2268 1526 2328 Ρ,
1555 2277 1584 2320 ut
1602 2280 1675 2333 saepe

338 2497 509 2548 iamiiteribus
529 2498 561 2550 rie
581 2497 659 2550 rebus
678 2500 854 2562 gravissimis,
879 2499 912 2552 de
931 2501 990 2564 eui·
1028 2501 1149 2553 Latinum
1176 2502 1227 2553 boe
1260 2515 1316 2556 esse
1346 2505 1413 2553 miro
1449 2503 1551 2556 iudicio
1581 2506 1677 2567 negarit

338 2577 386 2628 bus
411 2579 516 2640 publice
542 2579 671 2630 disserere
697 2591 750 2629 nou
774 2578 836 2630 iicet
855 2591 902 2640 per
920 2584 989 2643 pria·
1027 2579 1549 2645 nonnamo'msuppi.iipb·i1ai.i829.
1565 2583 1675 2642 litai..

338 2660 438 2720 ripam,
456 2658 613 2710 habeatur.»
634 2656 764 2722 (Waaru.
776 2657 917 2722 etboan.)
936 2661 988 2713 Sed
1026 2666 1068 2712 cui
1088 2649 1208 2713 Wsisiler
1220 2667 1344 2724 opposuit
1360 2661 1413 2714 cie·
1428 2662 1504 2712 Brut.
1520 2663 1573 2714 bii:
1600 2661 1675 2714 i'crro

338 2739 604 2812 bancespositionem
616 2739 987 2802 nequitadmitterer.dictio,
1025 2767 1036 2779 ·
1047 2768 1058 2779 ·
1076 2743 1119 2791 cir
1135 2743 1239 2806 inpenio
1254 2747 1394 2804 praestans
1411 2745 1535 2807 ιιιιιᾳιιι
1547 2742 1673 2793 doctrina.

338 2831 389 2881 qua
404 2826 433 2869 rit
443 2818 473 2870 C.
485 2819 528 2870 31.
540 2820 724 2892 'significantur
734 2823 864 2872 orationes
881 2821 988 2872 iudicia·
1027 2821 1208 2885 corruptelam
1229 2820 1248 2870 Ρ
1263 2820 1463 2872 rumilionis
1482 2823 1615 2872 communi
1627 2837 1674 2872 sno·

337 2901 374 2950 ies
388 2899 427 2951 rei
438 2900 659 2959 declamationem
681 2900 804 2962 equidem
820 2903 854 2950 tta
865 2903 986 2962 accipio:
1027 2907 1083 2952 tans
1097 2901 1203 2951 ridetur
1218 2903 1345 2965 cogitasse
1357 2902 1389 2952 de
1399 2899 1543 2970 ἐγκυκλὶῳ
1556 2899 1672 2970 παιδείᾳ,

338 2978 459 3044 iquotiee
479 2993 566 3030 coram
588 2981 752 3042 paucissimis
766 2981 932 3031 auditoribus
946 2983 989 3032 iis·
1026 2982 1072 3033 sed
1097 2994 1188 3033 rerum
1214 2983 1288 3032 onant
1305 2985 1381 3032 acute
1401 2981 1529 3032 divinarit
1553 2985 1604 3032 iam
1622 2983 1673 3030 iei-

339 3073 392 3124 oue
412 3062 510 3110 intimis
529 3061 637 3124 amicis,
669 3061 811 3122 antequam
832 3074 923 3112 causes
942 3075 989 3122 pu·
1027 3062 1121 3112 dalius.
1142 3085 1172 3100 -
1199 3058 1324 3125 imbutus]
1357 3068 1502 3124 «quantum
1533 3061 1672 3112 saiticisbat

337 3141 404 3191 biice
418 3147 571 3204 perorarent
588 3147 634 3190 aut
646 3141 851 3192 declamationes
870 3139 986 3202 (contro-
1027 3145 1122 3193 oratori
1143 3145 1312 3193 instructus.»
1339 3165 1369 3176 -
1389 3136 1552 3204 alienarum]
1572 3142 1605 3192 ab
1626 3147 1671 3191 erte

337 3223 606 3272 aereiesetsuaaoriss
617 3221 649 3272 ad
662 3222 795 3272 rhetorum
806 3218 989 3284 modumlpiu·
1027 3221 1141 3273 dicendi.
1181 3221 1277 3284 Quales
1305 3228 1391 3271 temen
1419 3227 1489 3272 aries
1516 3220 1668 3284 exoptabiles

338 3300 989 3358 ribuarccitarent‚velutinsecretocaseumbis
1027 3303 1054 3352 in
1079 3308 1181 3353 oratore
1207 3299 1444 3364 ernoutsiiessais
1475 3298 1572 3351 (1.30.
1604 3313 1669 3366 seqq.

338 3383 580 3442 communicarent,
609 3387 637 3431 ut
662 3385 793 3443 perceptis
819 3381 988 3434 familiarium
1027 3382 1148 3434 Ceterum
1176 3381 1296 3432 similiter
1323 3379 1377 3431 Cic.
1409 3379 1441 3431 de
1471 3377 1518 3431 0r.
1540 3381 1618 3439 3,1.
1643 3381 1669 3432 ιι

336 3461 442 3513 iudiciis
461 3465 541 3522 atquc
559 3455 681 3511 constitis'
695 3461 888 3520 emendarent.
919 3474 988 3523 cuae
1028 3461 1120 3512 Crasso
1149 3461 1175 3513 st
1198 3459 1334 3510 Antonio:
1364 3457 1427 3511 Fris
1450 3459 1498 3510 boo
1522 3461 1551 3510 s'n
1570 3467 1670 3524 atroque

337 3546 567 3602 composuerant.»
598 3564 626 3577 -
658 3538 736 3604 nona]
766 3540 798 3590 ed
824 3556 849 3592 r.
873 3541 990 3606 muliane
1026 3555 1131 3603 semen,
1168 3545 1200 3589 nt
1226 3537 1336 3589 Crassrn
1361 3553 1417 3588 non
1444 3545 1501 3589 iam
1529 3539 1670 3589 existimari

338 3623 503 3684 potissimum
518 3621 630 3672 seiertur
647 3633 677 3672 ee
696 3621 794 3672 reiutat
808 3621 897 3672 iaisam
913 3625 987 3672 istam
1026 3622 1101 3672 veliet
1125 3633 1180 3670 non
1196 3619 1318 3670 didicisse
1339 3633 1420 3684 quom
1437 3619 1486 3669 iiia
1503 3619 1631 3684 despicere
1650 3625 1669 3668 ei

338 3705 501 3763 opinionem.
522 3725 552 3735 -
570 3696 664 3764 purus]
683 3713 769 3752 sermo
788 3715 848 3753 vere
867 3701 987 3759 Latinus.
1026 3707 1179 3751 nostrornm
1206 3699 1339 3749 bominum
1363 3699 1391 3748 in
1417 3699 1491 3750 omni
1508 3711 1669 3763 penerepra·

339 3783 384 3843 nui
412 3779 476 3830 atbit
504 3781 634 3843 peregrini
665 3792 696 3829 ac
715 3779 818 3831 barbari
845 3782 988 3834 admistum
1027 3781 1142 3832 dentiam
1155 3779 1262 3832 Graecis
1279 3777 1424 3840 anteferre:
1444 3776 1575 3830 Antonius
1592 3786 1669 3846 autea

338 3861 426 3912 babet.
449 3859 513 3921 (Cic.
536 3859 568 3909 de
582 3858 628 3909 Or.
644 3857 723 3918 3,8ι
745 3858 831 3911 cernit
850 3863 938 3912 oratio
955 3885 989 3896 -·
1023 3859 1229 3922 probabiliorem
1254 3857 1301 3908 isos
1324 3859 1425 3922 populo
1451 3861 1600 3909 orationem
1621 3859 1668 3921 {ore

338 3945 376 3992 est
391 3951 462 4001 pora
479 3941 536 4001 ste,
565 3945 594 3988 ιι
613 3937 706 3988 iatine
724 3939 797 4002 ioqui
812 3953 895 4001 poene
920 3939 990 3990 solas
1026 3939 1144 3990 censebat
1167 3952 1261 3992 suam,
1291 3938 1315 3987 si
1337 3939 1443 3987 omnino
1465 3938 1588 3988 didicisse
1612 3950 1668 3986 ιιι-

336 4018 482 4081 uideatur.)
502 4045 531 4056 -
561 4014 684 4082 pressus]
717 4019 834 4070 crebrior
852 4024 989 4071 sententiis
1026 4024 1276 4084 praeriperentur,¹
1294 4024 1374 4080 atque
1392 4018 1431 4068 itas
1450 4029 1477 4066 se
1496 4023 1667 4082 uterpnepra·

338 4113 418 4162 qnam
438 4099 541 4153 verbis:
573 4101 612 4147 nis
629 4098 734 4149 dicendi
757 4099 862 4154 modos.
890 4105 921 4150 ιι
945 4115 1004 4152 nec⁴
1025 4102 1125 4149 odorem
1142 4099 1214 4163 fore,
1231 4099 1255 4148 si
1271 4097 1339 4148 aiter
1357 4101 1538 4154 contemnere.
1560 4097 1668 4147 ιιιιιιι

338 4181 408 4245 quod
433 4181 498 4229 desit
522 4179 550 4227 in
569 4192 598 4228 eo
615 4191 660 4228 nec
678 4179 749 4244 qnod
772 4180 898 4230 redundet
921 4181 991 4231 inoe-
1025 4171 1101 4228 nosse
1119 4178 1221 4240 quidem
1241 4175 1354 4228 Graecos
1372 4177 1519 4226 uideretur.

338 4263 426 4311 nias.»
445 4259 557 4321 Quintil.
577 4259 629 4317 io,
649 4259 683 4318 1,
701 4259 746 4309 73.
767 4285 794 4295 -
816 4260 846 4307 in
863 4268 991 4323 qnantum
1061 4257 1087 4306 3.
1115 4259 1260 4310 sedentem,
1279 4253 1383 4320 ipsum]
1408 4251 1571 4306 ἀσύνδετον
1589 4255 1667 4304 nescio

338 4341 406 4391 sctis
424 4335 492 4402 eret]
516 4343 631 4390 erectam
650 4341 717 4388 riam
738 4337 845 4390 tenebat
863 4341 932 4388 inter
951 4343 990 4390 in·
1026 4337 1158 4400 quomodo
1186 4335 1318 4398 eiiicseius
1347 4338 1487 4397 exprimit,
1519 4349 1598 4399 qoam
1623 4335 1667 4384 acri

339 4423 426 4482 opiam
440 4419 578 4470 verborum
592 4424 673 4481 eique
687 4420 831 4471 exilitatem
845 4427 871 4469 et
882 4422 989 4470 nimiam
1025 4417 1113 4468 studio
1141 4423 1215 4468 acius
1242 4420 1275 4467 sit
1294 4415 1431 4468 Maternus
1450 4414 1483 4465 ad
1510 4415 1667 4481 reisgeudsn

339 4501 409 4552 iilam
434 4499 660 4558 volubilitatem.»
691 4510 769 4562 quem
790 4499 990 4549 circulatoriam
1025 4496 1184 4560 tragoediam
1202 4496 1289 4558 pridie
1310 4495 1388 4546 modo
1409 4499 1565 4556 recitatam,
1595 4507 1667 4558 quem

340 4588 414 4632 rocas
432 4579 540 4642 Quintil.
566 4577 616 4638 10,
636 4579 672 4639 1,
690 4577 716 4629 3.
736 4603 770 4613 -
786 4575 928 4644 profluens]
947 4591 989 4629 oo·
1025 4576 1134 4627 aliorum
1147 4578 1282 4641 ipsumque
1295 4587 1388 4640 quanm
1408 4578 1521 4638 pessima
1541 4588 1601 4627 rere
1615 4579 1666 4624 iun·

340 4663 430 4724 pineus
458 4667 537 4722 atque
565 4658 717 4720 erpeinus,
747 4671 798 4708 nou
826 4659 937 4710 sollicite
964 4665 990 4710 et
1026 4665 1098 4708 ctura
1129 4657 1178 4706 iid.
1206 4656 1304 4716 iiam,
1334 4668 1414 4718 quam
1445 4655 1566 4722 plerique
1592 4656 1665 4706 secuti

340 4743 415 4792 anate
427 4739 512 4806 ,rerba
531 4751 671 4801 quaerens.
709 4739 739 4788 iu
757 4736 835 4787 laude
855 4744 894 4789 est
910 4742 988 4790 etiem
1024 4745 1104 4797 sunt,
1123 4736 1252 4788 sedentem
1264 4738 1362 4798 ipsam,
1382 4743 1406 4788 et
1418 4749 1510 4800 quem,
1526 4739 1600 4801 quasi
1612 4747 1664 4787 rero

340 4820 410 4882 apud
430 4818 484 4869 Cio.
505 4818 537 4868 de
557 4816 630 4868 Orat.
651 4817 685 4878 3,
704 4818 737 4867 'ir
758 4817 895 4882 profluens
915 4819 988 4881 puid-
1025 4818 1091 4868 alius
1113 4816 1210 4878 aliquis
1236 4822 1340 4878 praeter
1362 4818 1448 4878 ipsum
1468 4815 1506 4866 ibi
1523 4817 1607 4866 sedere
1625 4827 1662 4875 po·

340 4900 403 4950 dans
420 4898 512 4948 babuit
525 4895 608 4948 Carbo
620 4901 791 4949 sicanorum.
831 4895 889 4947 iioe
900 4905 987 4950 autem
1026 4902 1133 4954 tutseet;
1153 4884 1284 4948 dirers'um
1299 4898 1391 4959 utique
1412 4901 1482 4948 esset
1495 4897 1590 4960 ipsane,
1608 4895 1662 4958 (aaa

341 4977 457 5028 membro
484 4976 579 5028 reiutat
605 4976 709 5040 maligui
736 4977 807 5028 iilius
835 4977 926 5028 iudicii
945 4992 986 5031 rs.
1024 4974 1494 5040 libertumaiiquem),sedenteese‚et.
1525 4976 1662 5038 scaenas

340 5069 389 5108 nee
406 5080 415 5093 ·
431 5061 582 5122 promptam
599 5063 650 5110 cet.
670 5080 702 5093 -
733 5058 805 5110 omni
830 5057 987 5122 eruditione]
1024 5057 1181 5112 omniuoad
1200 5057 1298 5108 librum
1319 5055 1410 5110 reterri
1429 5055 1519 5108 debet.
1538 5081 1571 5092 -
1599 5057 1662 5106 intra
