3582 5880
505 453 600 519 ura
621 449 849 519 tortuosas
881 451 954 539 usp.
977 454 1027 519 te.
1053 455 1104 520 to.
1384 453 1447 520 eet

129 621 252 688 bolliooe
273 619 368 684 totius
389 617 568 683 Britanniae
590 635 684 702 supra
706 617 896 690 memoravi,
920 617 1062 701 redigere
1084 617 1116 680 in
1139 621 1324 700 potestatem
1340 617 1447 682 animo

129 733 258 800 intendit.
294 735 369 808 sed,
400 739 435 796 ut
455 729 486 795 in
509 728 612 794 dubiis
634 728 787 803 consiliis,
817 749 913 793 naves
935 731 1081 794 deerant:
1113 729 1192 795 ratio
1223 735 1254 795 ct
1275 727 1448 794 constantia

128 847 206 914 tlucis
225 843 404 912 transvexit.
428 843 578 930 depositis
595 840 740 908 omuibus
754 841 882 908 sarcinis
902 841 1086 908 lectissimos
1101 841 1309 916 auxiliarium,
1333 841 1447 927 quibus

127 971 192 1027 nota
212 962 287 1024 vada
310 967 340 1022 et
360 958 479 1043 patrius
501 954 596 1021 uantli
618 977 708 1030 usus,
743 976 806 1041 quo
828 953 918 1020 simul
941 977 1038 1041 seque
1060 963 1091 1020 et
1113 977 1199 1020 arma
1223 964 1255 1020 et
1276 976 1376 1042 equos
1399 977 1447 1019 re-

126 1084 208 1157 gunt,
228 1073 269 1138 ita
291 1077 418 1157 repento
439 1069 568 1135 immisit
588 1077 623 1133 ut
646 1065 854 1154 obstupefacti
876 1071 997 1143 hostes,
1021 1069 1073 1154 qui
1096 1067 1243 1146 classem,
1268 1071 1322 1156 qui
1344 1068 1469 1144 navist

126 1187 173 1273 qui
194 1207 276 1251 mare
297 1186 533 1269 exspectabant,
556 1181 634 1247 nihil
655 1180 787 1247 arduum
808 1190 862 1247 out
882 1181 1032 1247 invictum
1055 1181 1242 1248 credideriut
1264 1181 1308 1246 sie
1323 1184 1361 1247 ad
1376 1180 1444 1246 bol-

125 1299 182 1364 lum
202 1301 410 1365 venientibus.
434 1297 477 1362 ita
499 1297 594 1383 petita
617 1317 693 1382 pace
713 1317 749 1359 ac
765 1297 871 1360 dedita
891 1295 991 1361 insula
1013 1295 1113 1361 clarus
1135 1316 1171 1360 ac
1195 1317 1324 1381 magnus
1339 1294 1448 1360 baberi

126 1414 275 1495 Agricola,
298 1411 415 1498 quippe
438 1408 488 1475 cui
509 1409 697 1493 ingredienti
719 1408 932 1496 provinciam,
956 1411 1041 1494 quod
1057 1417 1180 1495 tempus
1196 1407 1247 1473 alii
1262 1429 1322 1493 pet·
1342 1417 1448 1474 osteu-

124 1527 263 1590 tationem
285 1533 339 1590 aut
352 1523 529 1590 officiorum
545 1525 695 1588 ambitum
710 1523 903 1607 transigunt,
926 1520 1062 1588 laboret
1077 1521 1251 1606 periculum
1267 1521 1445 1606 placuisset.

123 1658 175 1702 uec
187 1637 327 1723 agricole
342 1610 547 1724 prosperitate
562 1657 668 1702 rerum
684 1637 715 1701 in
731 1637 897 1702 vanitatem
914 1655 1003 1712 usus,
1025 1634 1257 1720 expeditionem
1281 1643 1335 1701 aut
1352 1635 1484 1702 victo-¹⁰

122 1749 192 1814 riam
213 1753 344 1816 vocabat
365 1752 463 1815 victos
485 1749 690 1814 continuisse:
715 1769 755 1814 ne
777 1750 924 1814 laureatis
946 1747 1074 1834 quidem
1089 1755 1175 1833 gesta
1190 1755 1373 1834 prosecutus
1389 1756 1444 1813 est.

123 1861 172 1927 sed
198 1865 265 1947 ipsa
296 1861 541 1928 dissimulatione
568 1861 669 1926 famae
697 1862 812 1926 lamam
834 1861 931 1933 auxit,
954 1862 1191 1926 aestimantibus
1214 1869 1327 1948 quauta
1350 1859 1445 1928 loturi

121 1997 170 2062 spe
181 1984 240 2042 tam
253 1995 364 2061 magua
375 1975 532 2041 tacuisset.
556 1973 616 2059 (itt)
633 1981 771 2039 ceterum
783 1975 960 2039 animorum
974 1973 1154 2060 provinciae
1169 1972 1324 2057 prudeus,
1341 1973 1447 2040 simul-

121 2109 176 2176 que
188 2091 299 2156 doctus
312 2109 369 2176 per
383 2088 482 2154 aliena
497 2090 710 2173 experimenta
724 2107 833 2170 parum
848 2084 956 2172 profici
970 2089 1080 2164 armis,
1095 2085 1122 2152 si
1136 2087 1267 2152 iniuriae
1279 2107 1448 2173 sequeren-

122 2208 180 2276 tur,
201 2221 313 2268 causas
331 2199 489 2267 beliorum
508 2200 613 2267 statuit
628 2197 787 2264 excidere.
811 2219 877 2264 ase
899 2199 1026 2284 suisque
1047 2221 1137 2266 orsus
1159 2201 1297 2284 primum
1318 2203 1485 2268 domum¹⁸

181 2413 205 2464 2.
224 2413 342 2464 eonrtlttr
360 2409 448 2472 (nonae
464 2407 583 2472 deerunt)
601 2411 674 2460 sotto
693 2410 829 2474 titsttuguit
846 2407 879 2460 A.
900 2435 931 2446 -
960 2407 985 2458 3.
1006 2409 1083 2462 doctr
1100 2417 1211 2462 tronore
1230 2417 1308 2462 estro
1324 2411 1448 2475 depositis

119 2481 149 2535 A.
168 2510 195 2521 -
215 2485 241 2535 5.
261 2485 338 2534 nouis
355 2483 393 2534 1¹:
419 2495 499 2532 nourr
518 2481 548 2533 tt.
571 2507 599 2518 -
630 2482 658 2530 ¹1.
677 2477 813 2542 potituA.
834 2505 864 2516 -
891 2479 918 2529 9.
938 2477 995 2544 unt]
1017 2489 1041 2532 et
1059 2479 1092 2532 Δ.
1113 2510 1144 2520 -
1171 2485 1214 2533 ti.
1234 2480 1276 2546 ns]
1294 2497 1341 2532 nae
1360 2481 1393 2534 A.
1417 2504 1444 2520 ·-

119 2555 158 2605 it.
178 2555 297 2618 neseio
314 2553 353 2612 Γ,
374 2553 420 2604 sed
438 2553 488 2603 boc
506 2565 530 2605 ι.
550 2555 655 2614 punctis
673 2551 814 2603 subnotato
833 2553 859 2602 tn
879 2565 931 2615 mg.
953 2553 1141 2626 experimento.
1161 2581 1194 2591 —
1212 2551 1382 2606 incensed.

118 2735 161 2798 its,
179 2737 244 2798 aits,
264 2736 404 2788 Sebonren.
426 2734 478 2787 Cir.
500 2735 570 2786 litet.
591 2735 616 2795 t,
634 2733 661 2784 θ.
684 2733 760 2786 Suet.
800 2731 910 2785 luissent
926 2738 1038 2794 versati,
1065 2735 1090 2785 td
1116 2735 1186 2799 quod
1206 2735 1311 2787 laetius
1331 2738 1448 2788 monuis-

117 2817 193 2879 Vesp.
212 2817 246 2869 tis
266 2819 396 2867 revocatio
413 2816 450 2866 od
468 2815 581 2882 officinm
592 2815 717 2866 numeris.
730 2840 762 2852 -
800 2821 847 2865 set.
866 2815 986 2878 Agricola
1004 2815 1044 2878 (C.
1063 2811 1119 2878 29.)
1138 2820 1165 2866 tn
1179 2820 1293 2867 exercitu
1308 2829 1355 2866 suo
1369 2817 1448 2868 itabe-

116 2897 244 2962 pisrt‘sqate
263 2893 401 2960 custodiri]
422 2897 561 2958 aptarique
579 2895 654 2960 iegati
674 2901 700 2946 et
719 2895 763 2943 tri·
800 2892 844 2944 last
868 2893 1007 2945 Britannos
1035 2895 1109 2960 ionga
1138 2909 1201 2957 para
1229 2897 1391 2959 explorator:
1420 2895 1448 2947 itl

118 2976 178 3028 bunt
197 2976 343 3030 censebunt
358 2977 452 3026 meiius
471 2975 545 3033 tote,
573 2979 593 3024 st
623 2979 761 3036 suspectas
799 2979 883 3036 ipsum
905 2975 975 3026 dotet
993 2973 1117 3039 Crigaeur
1139 2975 1167 3026 C.
1188 2976 1249 3028 tun
1271 2977 1395 3028 Psoutx.
1415 3001 1447 3013 ·-

118 3059 263 3119 provinciae
284 3063 370 3117 parter
384 3057 521 3117 praesititis
538 3053 703 3115 imponendis
717 3066 762 3104 cu·
798 3053 887 3115 mors]
914 3053 994 3104 siloc
1017 3069 1041 3105 ι.
1064 3055 1247 3118 complectitur
1271 3069 1447 3120 quaecunque

117 3138 285 3196 rtodtreutur,
312 3143 512 3200 cunctaturque,
537 3148 569 3186 ue
583 3135 762 3198 quidmorata
800 3133 832 3184 ad
852 3147 923 3184 mare
941 3136 1124 3186 treticisudum
1144 3139 1253 3200 eiusque
1276 3138 1391 3198 perionis
1411 3138 1447 3185 ti·

117 3225 249 3280 possent.»
282 3217 352 3271 Emt.
382 3241 408 3252 -
438 3212 557 3278 oscillis]
587 3215 760 3266 vexillaribus.
801 3214 878 3264 tanda
898 3215 1117 3276 petulantem.»
1140 3216 1245 3268 Dones.
1277 3217 1447 3268 libetorieum

116 3296 165 3347 Cir.
177 3299 247 3348 Auo.
264 3297 289 3356 t,
304 3295 346 3346 17.
358 3317 391 3332 -
411 3292 504 3357 aresti]
525 3294 653 3346 «arduum
672 3305 762 3346 tersus
800 3294 913 3344 colorem
932 3296 959 3345 in
973 3295 1066 3356 tripiici
1087 3296 1203 3348 membro
1216 3297 1291 3348 tactis
1310 3308 1446 3362 agnoscar.

116 3377 219 3436 (turitra
247 3376 324 3438 piena
344 3377 414 3427 ilist.
433 3375 460 3434 t,
479 3375 528 3424 'tia
549 3378 663 3440 equitnm
682 3376 763 3425 aciem
798 3399 828 3410 -
852 3373 940 3423 ctorur
959 3387 991 3424 oe
1007 3371 1136 3438 mugnus]
1163 3377 1206 3426 Sto
1230 3377 1328 3428 biattur
1347 3380 1373 3428 tu
1392 3377 1445 3428 Sat.

115 3457 142 3506 tn
167 3457 257 3508 cottam
284 3457 403 3520 erigeret.
432 3453 536 3506 Dounn.
562 3480 594 3492 -
620 3457 760 3512 resilirent,
799 3453 856 3515 lug.
874 3453 924 3504 uer
949 3466 1059 3518 mognnr
1084 3461 1107 3504 et
1126 3455 1216 3506 riornr
1240 3463 1334 3515 ontso,
1361 3459 1447 3507 motor

116 3529 415 3600 terroremcsters'riore]
435 3537 653 3593 «successissent,
672 3534 704 3584 sd
721 3547 762 3584 re·
798 3540 822 3583 st
840 3532 938 3582 clarior
963 3533 1052 3583 bobert
1082 3537 1176 3597 coepit.
1207 3535 1259 3586 litt.
1290 3560 1318 3573 -
1351 3537 1447 3601 officio·

115 3621 168 3666 teta
187 3630 295 3680 quoque
315 3615 412 3677 praetia
437 3621 561 3664 terrorem
584 3614 703 3664 bostibur
723 3616 763 3662 in·
797 3608 869 3674 rnna]
890 3615 932 3660 eto
952 3613 1098 3671 salutando,
1123 3618 1225 3677 pompis
1247 3617 1401 3677 excipiendo
1421 3619 1447 3666 et

114 3708 217 3746 russum
237 3695 446 3746 trt.sPutaotrut
463 3691 761 3755 interpolationemsora
798 3692 854 3743 aliis
883 3692 966 3740 modis
992 3692 1164 3744 devinciendo
1187 3708 1254 3746 noto
1278 3695 1444 3758 praetactos

113 3778 236 3826 natrano
255 3774 397 3826 detrudere
416 3772 500 3825 soient
525 3789 554 3824 ex
575 3774 642 3822 illst.
661 3773 688 3832 2,
708 3774 758 3824 eo:
797 3771 905 3820 nosen.
921 3796 949 3808 -
965 3769 1103 3836 omittunt]
1124 3773 1181 3823 lior
1198 3777 1255 3836 ipso
1274 3789 1298 3826 r.
1318 3777 1447 3839 siguificat

86 3855 89 3860 '
112 3869 226 3922 qnornr.
246 3861 275 3904 nt
293 3856 372 3905 initio
384 3853 444 3903 itstts'
454 3854 642 3916 provenissent,
661 3851 760 3914 somam
798 3853 938 3915 pterosque
959 3852 1091 3914 praesides
1115 3854 1348 3906 administrationis
1368 3859 1445 3908 initio

112 3936 139 3984 tn
158 3943 244 3986 cetero
262 3935 333 3998 iore,
354 3931 424 3995 quod
441 3932 758 3995 quentomeiiurdictum
798 3933 824 3980 tn
844 3931 915 3982 bisce
934 3931 1013 3982 rebus
1040 3933 1161 3984 inrutbue
1188 3937 1297 3985 nimium
1321 3939 1445 3998 temporis

113 4019 159 4073 rit,
179 4016 313 4065 neminem
328 4013 446 4073 proiecto
459 4011 535 4076 iugis.
559 4011 610 4062 Sed
625 4012 759 4076 quomodo
799 4016 883 4062 terete
902 4010 996 4063 solere.
1019 4037 1047 4048 —
1074 4026 1106 4063 ns
1126 4013 1256 4065 ionraott'r
1274 4013 1393 4080 qnidam]
1419 4016 1444 4066 id

113 4096 171 4158 quir
197 4093 322 4144 detrudat
345 4094 511 4143 omissionem
537 4092 647 4142 duorum
674 4091 757 4141 Cottd.
798 4090 868 4153 quod
888 4090 931 4140 aiii
952 4091 1032 4142 doces
1051 4105 1109 4143 reto
1127 4093 1347 4158 negligebantur!
1366 4096 1447 4148 lerio-

112 4188 152 4224 ιι.
173 4179 300 4226 terrorem
317 4173 429 4222 retnis?
450 4195 478 4208 -
506 4180 535 4222 nt
551 4174 581 4222 s'n
598 4172 684 4222 dubiis
700 4185 760 4222 eon·
798 4169 870 4219 rtbur
890 4173 1006 4222 victoriis
1020 4185 1034 4222 ι
1048 4185 1075 4222 se
1095 4178 1182 4235 pertis.
1203 4173 1269 4236 (lit.
1286 4175 1312 4230 5,
1332 4175 1383 4226 28:
1403 4176 1447 4226 lit·

111 4251 188 4318 riita'r]
202 4253 321 4304 Primum
334 4252 434 4302 setiieet
447 4257 548 4301 tantum
564 4252 758 4312 expeditionem
797 4257 869 4300 tsroe
885 4263 903 4299 u
915 4251 1047 4300 Postumio
1061 4251 1200 4304 lunrsotoe
1210 4262 1361 4316 sequuntur.
1387 4255 1445 4306 iloo

112 4335 138 4382 in
152 4333 298 4385 Ordovices
310 4337 479 4394 suscepturus
493 4343 558 4389 erat,
579 4345 665 4396 oeque
682 4333 760 4393 igitur
797 4334 899 4378 tautum
919 4329 976 4379 loco
1003 4333 1087 4380 otaittt
1106 4332 1211 4382 ridetur
1229 4333 1444 4400 substantivum.)

111 4425 190 4466 nares
212 4418 363 4474 paraverat:
388 4420 478 4472 portes
499 4411 622 4470 demum,
650 4411 758 4461 devictis
832 4410 874 4459 to.
895 4408 1083 4474 experimenta]
1098 4425 1127 4463 at
1141 4425 1189 4462 usu
1203 4414 1352 4465 bocTacitt.
1373 4415 1442 4466 nno.

111 4492 303 4550 ordovicibus,
328 4491 434 4541 blouarn
455 4491 572 4554 redigere
598 4494 625 4541 in
646 4497 759 4552 poteria·
795 4489 839 4548 ia,
854 4489 903 4539 tt:
919 4491 982 4552 qnia
994 4493 1176 4552 superinsertis
1188 4495 1320 4557 cognitum
1332 4501 1368 4544 art
1384 4494 1443 4544 iror-

111 4579 162 4623 tam
183 4573 312 4628 decrerit,
333 4572 413 4633 idque
432 4571 472 4622 tel
494 4573 550 4622 sina
570 4571 678 4621 uatibus
697 4571 759 4621 ade·
796 4567 874 4619 bores
897 4569 976 4619 nsciis
992 4569 1077 4619 tiemo
1099 4584 1170 4636 repar
1191 4579 1278 4633 petere
1301 4587 1381 4637 quom
1398 4575 1443 4624 itu-

110 4657 153 4703 cit.
185 4653 244 4701 ttici
258 4653 296 4702 tir
314 4655 414 4710 potest,
436 4659 599 4712 quantopere
613 4650 684 4700 iocur
697 4653 758 4700 rim·
796 4649 862 4699 bere.
888 4648 955 4699 litat.
977 4647 1020 4698 ae.
1041 4649 1110 4700 liotb
1131 4659 1156 4702 et
1174 4651 1297 4702 ltuebner
1317 4666 1441 4714 recepere

111 4729 589 4794 pttctssimurseratussitrCriticis,
610 4732 758 4780 reiuttcom
796 4741 836 4790 pr.
861 4727 885 4778 Γ
908 4731 1041 4789 exemplo,
1069 4729 1115 4779 sed
1141 4731 1277 4781 msutterto
1301 4740 1340 4783 eet
1364 4734 1440 4797 gloss.

109 4811 258 4862 Gronovius
278 4811 412 4871 proposuit
432 4816 463 4859 nt
481 4810 509 4859 tn
525 4810 616 4860 rnba'tt'r
635 4809 758 4859 comitiis.
796 4813 867 4857 route
895 4809 1070 4871 exquisitioris
1098 4809 1139 4859 rei
1162 4814 1240 4859 etiam
1265 4824 1351 4863 morus
1370 4826 1443 4865 error

111 4916 138 4927 -
152 4884 340 4951 onriiiurs'nm]
354 4887 554 4938 «Britannorum
568 4893 664 4950 potius,
679 4902 758 4952 quam
796 4887 941 4938 festinantis
955 4890 1087 4949 scriptoris
1099 4894 1179 4952 atque
1194 4892 1306 4952 primum
1320 4892 1443 4944 aberrau-

110 4983 177 5033 qnos
198 4969 302 5030 Lipsius
314 4966 418 5018 rotabat
430 4967 595 5018 Batavorum.
626 4969 758 5019 lirttauuir
796 4970 829 5018 tts
849 4969 875 5016 tn
895 4967 1089 5030 homonymum.
1111 4991 1141 5002 -
1161 4969 1288 5036 andere]
1308 4978 1441 5036 tamquam

109 5057 173 5101 nota
192 5056 254 5100 sunt
271 5063 316 5100 tur
331 5048 411 5106 rada,
430 5046 579 5099 lirttanutra
593 5048 656 5100 rada
672 5052 758 5098 minor
796 5048 882 5098 uicere
896 5046 936 5096 rai
950 5051 1139 5106 caretuomata;
1154 5049 1233 5100 serbo
1246 5051 1328 5102 mutto
1340 5057 1441 5114 aptiore

108 5130 232 5186 littaris,
264 5129 313 5180 utri
344 5130 413 5178 eires
440 5125 483 5177 iiia
511 5127 566 5178 tocr
597 5127 758 5192 sitqurmtitu
796 5139 874 5190 quatu
894 5125 1153 5188 Lipsiteerrtndare,
1173 5129 1442 5194 quotobaeteCei·
