3574 5878
468 400 565 472 unu
585 401 814 472 semeonis
837 405 913 493 erp.
936 409 989 474 aa.
1014 409 1066 474 ae.
1090 410 1142 475 eo.
1419 416 1483 480 oss

139 560 185 628 ita
198 559 365 638 diuuuit:
389 569 537 632 secusne
551 584 652 636 annue
667 571 733 644 ost,
754 567 1001 662 commilitones.
1022 590 1063 637 ex
1078 592 1141 658 quo
1157 573 1271 640 virtute
1285 579 1316 638 et
1329 573 1480 660 auspiciis

139 675 270 760 iorem
288 677 438 754 Romani.
460 675 523 744 lide
544 683 638 764 atque
660 698 758 766 opere
778 689 883 748 vestro
902 682 1096 750 Britanniam
1115 685 1244 752 vicistis.
1274 691 1336 760 ¹tot
1354 685 1481 774 expedi·

139 787 299 868 deumne,
329 797 376 858 tot
401 789 545 878 praeliis,
574 811 631 858 sen
659 789 842 860 lentitudine
871 793 1021 862 adversus
1048 800 1169 872 hostes,
1197 819 1255 864 seu
1276 797 1424 882 patientia
1445 819 1482 866 ao

139 899 252 972 laltore
273 921 374 990 mene
394 901 544 974 adversus
565 906 664 992 ipsam
687 927 793 974 rerum
807 915 952 974 naturam
967 929 1047 998 opns
1060 909 1143 988 luit,
1162 932 1266 996 neque
1282 931 1332 978 me
1347 911 1480 978 militnm

138 1035 244 1102 neqsm
272 1035 331 1084 vos
357 1013 447 1084 ducis
473 1019 637 1102 paenituit
681 1039 757 1108 ergo
786 1024 922 1106 egressi,
945 1044 1005 1108 ego
1033 1030 1178 1092 veterum
1206 1025 1400 1110 legatorum,
1424 1045 1503 1090 ross

137 1133 284 1216 priorum
305 1132 502 1200 exercituum
524 1131 695 1210 terminos,
718 1131 812 1201 linem
832 1135 1012 1202 Britanniae
1033 1155 1097 1202 non
1111 1134 1195 1202 loma
1209 1157 1268 1202 nee
1283 1157 1411 1204 rumore
1425 1141 1481 1221 sod

136 1243 250 1312 caetris
279 1251 313 1312 et
337 1246 433 1312 mmis
454 1253 607 1312 tenemus.
650 1245 774 1312 inventa
796 1247 955 1316 Britannia
977 1258 1009 1316 et
1029 1251 1169 1316 suhactn.
1215 1249 1363 1336 equidem
1384 1232 1481 1336 sueno

135 1360 171 1426 in
197 1359 342 1444 agmine,
371 1379 443 1424 eum
470 1379 528 1424 vos
556 1356 686 1446 paludes
715 1367 878 1428 montesve
906 1370 939 1428 et
963 1360 1090 1430 llumina
1110 1361 1293 1446 fatigarent.
1318 1361 1480 1432 fortissimi

135 1471 290 1558 oniasque
303 1489 416 1542 nonem
427 1473 604 1538 audiebam:
623 1470 767 1558 «qnando
782 1470 908 1540 dabitur
921 1475 1031 1551 hostis,
1048 1477 1174 1561 qnando
1187 1477 1309 1542 aciesto
1334 1477 1479 1548 veniunt.

135 1582 305 1654 eueher
327 1583 392 1654 suis
414 1586 551 1660 extrusi.
581 1591 614 1651 et
635 1593 707 1652 vota
728 1585 890 1678 virtusque
911 1587 944 1654 in
966 1595 1097 1672 aperto,
1121 1589 1289 1676 omniaque
1311 1608 1411 1676 prona
1433 1590 1479 1656 vi-
1492 1607 1518 1654 to
1541 1603 1577 1658 t-

135 1698 282 1768 otoriltus
307 1707 401 1784 atque
430 1697 541 1766 endem
562 1699 652 1766 vietis
672 1697 813 1766 adversa.
856 1721 929 1766 nam
950 1710 986 1766 nt
1006 1720 1171 1788 superasse
1194 1710 1315 1768 tantum
1337 1700 1478 1778 itineris,

135 1813 235 1881 silvae
263 1809 414 1887 eveniam,
444 1814 590 1880 transisse
612 1814 768 1878 aestuaria
789 1811 953 1899 pulchrum
975 1833 1012 1878 ac
1032 1811 1182 1881 decorum
1203 1815 1235 1880 in
1255 1812 1409 1890 frontem,
1438 1815 1481 1880 ita

135 1922 331 2011 fngientibus
357 1924 624 2013 periculosissima
652 1945 732 2012 quae
761 1923 856 1990 hodie
885 1927 1098 2012 prosperrima
1129 1935 1212 1996 sunt.
1262 1947 1364 2014 neque
1396 1927 1481 1994 enim

136 2035 232 2104 nobis
252 2047 307 2104 ant
326 2036 469 2105 locorum
490 2036 601 2104 eadem
623 2037 798 2106 notiuaant
818 2047 1050 2110 commeatuum
1066 2041 1177 2104 eadem
1190 2041 1400 2116 abnndantia,
1424 2043 1480 2106 sed

136 2170 250 2218 manus
278 2157 310 2216 et
336 2171 425 2217 arma
446 2159 478 2217 et
499 2153 532 2216 in
554 2150 602 2218 his
624 2153 739 2218 omnia.
782 2150 867 2239 quod
889 2155 1001 2218 adme
1023 2153 1148 2227 attinet,
1171 2151 1379 2238 iampridem
1403 2125 1517 2219 mitris}

137 2267 302 2330 decretum
331 2271 380 2330 est
406 2285 509 2351 neque
536 2264 694 2330 exercitos
722 2285 825 2353 neque
853 2263 942 2331 ducis
970 2273 1059 2349 terge
1079 2273 1146 2331 tuta
1168 2284 1247 2331 esse.
1293 2267 1427 2350 proinde
1449 2273 1482 2331 et

136 2381 273 2443 honesta
292 2388 380 2444 more
402 2376 486 2465 turpi
508 2379 569 2444 vita
591 2378 713 2464 potior,
747 2387 779 2444 et
798 2377 995 2446 incolumitas
1016 2399 1054 2444 ac
1075 2377 1170 2446 decus
1193 2376 1306 2468 eodem
1327 2377 1398 2444 loco
1422 2377 1481 2446 sita

137 2498 222 2558 sunt.
265 2511 325 2558 nec
354 2489 523 2576 inglorium
552 2487 709 2557 fueritin
737 2493 807 2578 ipso
838 2499 991 2559 terrarum
1021 2513 1057 2559 ac
1085 2499 1215 2560 naturae
1237 2489 1299 2558 fine
1322 2493 1482 2564 cecidisse.

139 2603 205 2688 (at)
235 2605 262 2670 si
284 2624 385 2670 norae
406 2613 515 2691 gentes
537 2611 632 2688 atque
654 2605 760 2688 ignota
781 2605 863 2670 acies
884 2587 1093 2681 constitisset,
1124 2607 1260 2672 aliorum
1283 2607 1480 2676 exercituum

138 2719 296 2802 exemplis
323 2738 381 2785 vos
402 2721 563 2782 hortarer:
587 2737 670 2781 nuno
690 2723 797 2782 vestra
818 2715 934 2784 decora
954 2726 1133 2794 recensete,
1156 2725 1278 2783 vestros
1300 2717 1410 2784 oonlos
1432 2718 1519 2785 in·so

138 2839 308 2917 terrogate.
354 2829 388 2896 lsi
409 2838 482 2897 sunt
502 2849 582 2917 quoe
597 2827 743 2916 proximo
758 2850 841 2896 anno
857 2851 951 2897 unam
964 2830 1122 2916 legionem
1137 2829 1222 2898 lurto
1237 2831 1338 2898 noctis
1351 2828 1481 2918 adgres-

209 3005 254 3058 te.
274 3003 381 3062 BrBent
396 3005 437 3056 tto
454 2999 527 3066 ΓΔ,
545 3015 599 3056 non
618 3001 758 3056 Bateolsnt
777 3003 849 3056 item.
869 3027 902 3038 -
921 3003 965 3054 at.
983 3003 1011 3053 tta·
1028 3000 1051 3052 Δ
1062 3018 1069 3054 r
1088 3005 1109 3054 it
1127 3003 1150 3054 Γ
1166 3004 1198 3056 B.

137 3175 219 3226 quern
238 3161 263 3213 et
275 3162 363 3214 eleum
376 3160 513 3214 Britannia
527 3161 662 3222 nrortncta
678 3161 794 3224 sertens-
832 3159 904 3211 nentt
926 3163 952 3209 et
970 3158 1096 3210 euvenus
1114 3158 1239 3211 cedentes
1260 3158 1483 3224 progredien-

136 3249 164 3294 tn
183 3247 241 3302 est.
259 3243 310 3294 etat
328 3243 356 3294 tn
377 3254 435 3294 eam
458 3239 564 3294 demum
587 3252 612 3292 a.
627 3239 688 3291 8³1.
710 3246 793 3291 tranr-
832 3239 875 3296 tl.
905 3249 973 3302 onae
991 3241 1046 3300 tnse
1066 3241 1139 3290 notto
1164 3241 1232 3292 tnsrt
1250 3241 1276 3290 tn
1295 3240 1344 3291 tare
1362 3247 1483 3292 constru-

137 3334 244 3386 eremus
271 3325 320 3374 est.
359 3320 521 3386 Neuttquam
554 3333 616 3372 sero
646 3319 793 3383 protenus,
832 3321 936 3380 ottone.
963 3330 1015 3381 qun
1040 3319 1119 3370 rlmut
1144 3322 1315 3373 castellonem
1341 3318 1483 3384 tndurlts

138 3415 202 3454 eum
219 3398 340 3452 aeterno
368 3400 553 3464 corrigendum
580 3413 638 3453 esre
658 3401 792 3462 senttmor,
831 3413 888 3464 seu.
909 3399 1007 3450 dsttvo.
1023 3423 1053 3435 -
1067 3395 1118 3462 Bo]
1139 3399 1218 3462 Quod
1232 3399 1298 3452 dtett
1313 3399 1389 3450 Banu
1402 3400 1482 3453 Tura.

137 3483 189 3534 etet
207 3485 315 3544 praetor
332 3479 398 3532 altos
415 3493 447 3531 eo
464 3479 574 3530 tnettnet
592 3487 670 3531 etlam
689 3479 793 3530 Ctlnton
832 3479 880 3530 111.
902 3493 928 3541 n.
946 3477 1015 3529 ste:
1041 3477 1096 3528 «u.
1118 3479 1135 3529 l.
1155 3481 1217 3530 stem
1241 3486 1281 3532 est
1305 3479 1433 3532 bonorum
1453 3480 1484 3531 lt·

135 3561 213 3614 B'nrtl
233 3559 348 3612 Bomont
370 3559 393 3610 l.
417 3569 444 3620 n.
467 3559 512 3610 70·
537 3582 569 3594 -
593 3561 718 3624 ompteis's
746 3561 794 3608 tm·
831 3559 938 3610 brorum
956 3561 1103 3618 scriptura,
1132 3572 1184 3610 non
1202 3560 1258 3617 ito.
1285 3559 1356 3624 qnod
1382 3563 1401 3612 ll
1421 3563 1484 3614 sort·

134 3639 207 3706 porto·
224 3634 354 3704 Bomont]
377 3638 443 3690 lnde
470 3637 503 3690 ab
521 3639 640 3702 Augusto
660 3641 793 3702 nrtnctnes
831 3645 958 3708 pserunt,
979 3639 1024 3700 qut
1044 3641 1095 3688 alm
1115 3644 1143 3689 et
1160 3651 1237 3690 nsum
1257 3637 1400 3701 peruenias
1419 3641 1483 3692 item

135 3720 259 3784 nantem
276 3719 327 3772 slbt
346 3717 524 3780 reservabant,
544 3719 654 3770 doctum
672 3721 733 3770 rtrts
747 3721 793 3770 ml·
830 3731 883 3770 non
902 3723 1118 3781 cognoverantzo
1144 3717 1220 3770 tuelle
1246 3718 1307 3771 tnde
1333 3727 1481 3780 excusatur,

136 3799 260 3854 lttarlttur
284 3803 489 3852 committentes.
519 3799 611 3850 Boreo.
642 3797 673 3849 C.
695 3798 723 3856 t.
749 3799 791 3858 st,
831 3797 903 3862 qnod
923 3797 1040 3848 nondum
1058 3799 1126 3848 sctre
1149 3805 1271 3860 notaret,
1298 3799 1396 3850 nuttam
1423 3813 1482 3850 orn-

136 3879 183 3934 eu.
209 3879 291 3932 urle.
318 3879 399 3932 Trtst.
419 3879 453 3940 B,
475 3878 534 3930 17⁴.
564 3878 638 3930 Suet.
659 3879 718 3930 Oct.
739 3879 791 3928 212
830 3883 893 3930 ntno
912 3879 938 3928 tn
958 3876 1092 3928 nocituro
1120 3890 1177 3930 esse
1199 3876 1338 3930 Puteotent
1367 3882 1481 3930 auotort·

137 3961 243 4012 domm
254 3960 462 4024 pertimescas,
480 3959 582 4022 norttm
598 3958 793 4020 amputasse
831 3966 920 4010 tatem.
942 3980 972 3992 -
993 3953 1078 4020 trodio]
1099 3956 1149 4007 troo
1168 3957 1226 4009 loco
1246 3971 1280 4011 eo
1300 3971 1398 4018 sensu.
1427 3971 1481 4022 qno

138 4039 335 4094 canonum·
347 4063 358 4078 ·
372 4037 521 4090 Vindelicos
538 4051 570 4088 oo
588 4035 720 4088 Salassos.
741 4037 792 4088 ltlo
830 4038 999 4102 tnteltlglrnns
1019 4049 1073 4088 rem
1098 4051 1182 4101 nsque
1208 4039 1241 4090 ud
1267 4039 1338 4090 lunc
1357 4051 1481 4100 praesen·

138 4128 230 4175 nutem
256 4132 310 4174 non
334 4121 392 4173 stne
415 4123 472 4170 erte
500 4119 583 4182 tunglo
610 4117 791 4170 Romanorum
831 4126 882 4171 tem
902 4119 971 4168 utem
990 4119 1046 4168 stre
1064 4117 1144 4167 ettam
1161 4117 1238 4168 toute
1257 4119 1414 4181 perdurare.
1435 4118 1480 4170 ubl

139 4202 261 4254 Bellicam
289 4201 414 4252 virtutem
443 4211 504 4249 oum
532 4198 659 4262 coaptetis
688 4199 792 4262 imperit
830 4199 954 4249 dormant
986 4191 1080 4247 dicunt
1107 4195 1188 4248 locuto
1208 4197 1292 4258 nocta,
1324 4198 1363 4248 ito
1393 4197 1479 4248 laute.

137 4281 271 4340 aomos.
290 4284 320 4332 ut
338 4279 371 4332 do
391 4277 555 4341 temnorlbus
575 4279 670 4330 reterts
688 4281 725 4328 ret
745 4289 791 4340 nu·
830 4277 907 4328 tlend
932 4265 1011 4326 Tura.
1035 4277 1083 4326 tlt.
1110 4287 1136 4338 o.
1155 4275 1198 4326 98.
1218 4303 1251 4314 -
1276 4273 1368 4341 tmen]
1399 4269 1478 4327 ercli·

138 4362 225 4414 bltcae
240 4359 298 4412 Ην.
319 4357 364 4420 30,
384 4359 436 4410 rt:
462 4357 572 4424 syphon
587 4357 681 4422 popul
699 4357 791 4410 Bomo-
828 4372 919 4418 verse,
939 4358 1035 4422 iussin.
1056 4355 1109 4408 Sul.
1132 4356 1206 4408 Cattl.
1227 4355 1279 4408 58:
1301 4359 1329 4408 s'n
1345 4355 1414 4420 [noo
1436 4369 1480 4406 sn·

138 4443 167 4494 ot
184 4441 311 4504 maletis
328 4441 413 4490 cutus
430 4446 574 4503 contorque
591 4442 637 4488 ost.
664 4459 694 4471 -
726 4451 792 4500 opus
829 4439 909 4490 tutem
926 4449 1048 4500 sperare.
1067 4449 1125 4486 erm
1144 4449 1237 4498 ormo,
1256 4439 1313 4502 eutr
1331 4447 1426 4498 cornua
1445 4442 1480 4485 te·

138 4521 204 4586 salt.
226 4515 316 4585 nouus]
336 4517 427 4570 Bltnus
445 4524 515 4570 reete
534 4519 611 4568 etlam
631 4521 791 4570 recenttores
830 4519 924 4584 attur,
963 4515 996 4568 ab
1023 4509 1141 4566 liosts'tnr
1168 4517 1314 4574 noorterta.
1350 4528 1380 4566 sn
1415 4527 1478 4564 uero

139 4601 261 4664 alluunt,
279 4609 348 4650 me.
368 4596 525 4657 nauseare,
546 4597 791 4662 dtsttnguuntopus
830 4597 960 4649 &monuo
985 4587 1055 4645 δεῖ.»
1085 4593 1192 4646 Bonna.
1221 4619 1249 4631 ·-
1278 4602 1394 4646 notares
1416 4591 1478 4660 line]

138 4682 206 4746 Μὴ·
224 4691 316 4746 omae,
336 4679 411 4742 quart
432 4691 494 4730 sero
513 4689 555 4728 vv.
568 4680 609 4726 tot
626 4701 637 4712 ·
656 4703 665 4714 ·
683 4677 792 4738 proeliis
830 4677 930 4728 Bedem
948 4675 1096 4726 adhortntto
1115 4677 1142 4726 tn
1160 4673 1392 4726 orstlonePa'nllnt
1406 4673 1478 4736 saud

140 4759 291 4826 penderent
317 4772 393 4816 arr.
411 4770 477 4820 opos
500 4755 569 4819 [ott.
598 4769 656 4808 enm
679 4759 713 4806 tte
734 4761 793 4808 tnn·
830 4757 908 4808 Bton.
929 4754 1002 4806 Cara.
1022 4753 1066 4814 Bu.
1087 4755 1135 4804 tt:
1156 4745 1479 4824 dodvasnsyeaeipe‘on

140 4838 225 4904 gendo
244 4843 315 4891 atnta
335 4843 376 4889 tot
393 4862 431 4876 ··
453 4834 563 4901 proeliis
580 4848 664 4900 nouus
685 4848 724 4888 ms
747 4861 757 4871 ·
781 4860 791 4871 ·
829 4830 928 4887 αὐτῶν
942 4828 963 4902 ἤ
971 4831 1100 4884 ἐνταῦθα
1112 4825 1320 4896 ἀποθάνωμεν,
1338 4831 1430 4886 καλὸν
1444 4829 1477 4886 τὸ

138 4921 280 4984 poenituit.
333 4917 428 4970 Veram
474 4914 602 4966 tattonem
639 4917 792 4967 rnonstrsru
828 4919 973 4980 μνημεῖον
988 4906 1351 4983 τὴνΒρεττανὶανὲξομεν.
1371 4911 1478 4968 Pennu-

139 4999 318 5062 Beerttamnr
348 5002 456 5052 secutus
486 4999 528 5046 ert
554 4993 668 5046 Baiter.
703 5020 730 5032 -
763 4996 792 5045 tn
830 5005 918 5046 nur.

137 5075 550 5148 1ronumlererottutlrontem
569 5073 689 5128 hoattnur
708 5087 792 5140 onpo-
864 5071 908 5124 Bt.
931 5069 1003 5138 [orto
1028 5066 1127 5138 noello]
1152 5069 1242 5122 rotam
1267 5075 1294 5124 ot
1317 5078 1414 5136 noctu,
1439 5075 1479 5131 uu
