3630 5880
301 502 361 568 iet
647 505 836 573 CORNELII
857 504 992 570 unctui
1012 504 1288 572 flisrouiilttiii

298 667 437 734 locutus:
462 684 590 732 somnes
606 667 661 753 qui
678 687 860 751 magnarum
879 685 986 732 rerum
1001 664 1132 733 consilia
1146 663 1327 750 suscipiunt,
1344 663 1510 731 aestimare
1523 660 1640 730 debent

300 801 339 846 au
369 779 453 866 quod
483 782 651 846 inchoatur
677 780 892 866 reipublicae
922 780 1019 854 utile.
1053 779 1129 864 ipsis
1158 778 1348 866 gloriosum,
1375 787 1430 843 snt
1458 783 1640 863 promptum

300 897 425 970 ellectu,
449 901 503 959 aut
527 900 613 960 certe
637 914 701 958 nou
724 897 859 959 arduum
885 895 935 958 sit.
960 892 1053 959 simul
1079 895 1148 976 ipse
1177 891 1232 978 qui
1256 892 1366 957 suadet
1393 891 1664 956 considerandus·

300 1014 362 1081 est,
385 1007 540 1073 adiciatne
565 1009 696 1072 consilio
722 1005 895 1094 periculum
918 1027 1027 1084 suum,
1059 1013 1091 1071 et
1117 1007 1143 1070 si
1173 1004 1301 1071 fortuna
1333 1005 1453 1090 coeptis
1481 1001 1617 1068 adiuerit

277 1119 351 1187 scui
370 1139 526 1186 summum
552 1123 648 1187 decus
670 1119 865 1205 adquiratur.
891 1139 951 1204 ego
972 1129 1019 1199 te,
1053 1121 1264 1202 Vespasiano,
1298 1121 1338 1184 ad
1363 1117 1531 1202 imperium
1557 1137 1599 1182 vo

300 1243 362 1299 tem
386 1233 522 1299 salutare
545 1234 592 1299 rei
614 1232 758 1318 publicae
780 1253 873 1318 quam
898 1231 954 1298 tibi
977 1231 1185 1316 magnificum.
1208 1233 1294 1298 iuxta
1316 1230 1394 1298 deos
1416 1234 1448 1297 in
1472 1240 1526 1297 tua
1544 1251 1640 1296 mauu

300 1350 436 1434 positum
465 1357 521 1417 est
554 1367 611 1412 nec
649 1347 786 1434 speciem
823 1345 977 1413 adulantis
1010 1345 1188 1433 expaveris.
1222 1365 1240 1410 a
1272 1343 1464 1410 contumelia
1494 1364 1589 1430 quam
1619 1363 1641 1408 a

299 1459 392 1526 laude
416 1459 546 1547 propius
567 1459 663 1526 luerit
687 1468 758 1544 post
772 1458 930 1526 Vitellium
952 1458 1037 1543 eligi.
1065 1479 1129 1524 non
1153 1457 1301 1524 adversus
1322 1459 1388 1524 divi
1402 1460 1533 1542 Augusti
1554 1477 1641 1522 acer·

301 1575 412 1640 rimam
438 1582 586 1651 mentem,
614 1594 672 1638 uec
692 1573 843 1638 adversus
869 1571 1078 1638 cautissimam
1105 1571 1223 1638 Tiberii
1246 1579 1451 1648 senectutem,
1474 1592 1514 1637 ue
1529 1577 1640 1636 contra

263 1703 290 1744 ¹⁰
303 1689 360 1753 Gai
394 1686 523 1771 quidem
553 1695 607 1751 aut
639 1684 763 1751 Claudii
794 1685 845 1751 vel
873 1688 1004 1751 Neronis
1032 1684 1196 1751 laudatam
1226 1688 1320 1771 longo
1347 1685 1481 1770 imperio
1512 1687 1640 1750 domum

302 1797 511 1882 exsurgimus.
539 1799 659 1865 cessisti
683 1800 778 1864 etiam
801 1797 917 1864 Galbae
942 1797 1139 1884 imaginibus.
1161 1807 1289 1885 torpere
1314 1797 1413 1874 ultra,
1445 1803 1477 1864 et
1497 1795 1641 1884 polluen-

301 1911 372 1978 dam
394 1910 649 2000 perdendamque
667 1931 732 1977 rem
758 1909 916 1998 publicam
939 1910 1130 1998 relinquere,
1153 1932 1252 1998 sopor
1266 1919 1299 1978 et
1320 1912 1442 1998 ignavia
1462 1913 1638 1988 rideretur,

301 2027 394 2091 etiam
424 2027 450 2090 si
483 2023 550 2099 tibi,
583 2045 677 2110 quam
706 2026 891 2100 inhonesta,
928 2032 990 2089 tum
1016 2033 1081 2090 tuta
1108 2027 1242 2092 servitus
1273 2033 1366 2091 esset.
1401 2025 1480 2092 abiit
1513 2027 1577 2089 iam
1607 2031 1642 2090 et

302 2144 513 2204 transvectum
537 2146 585 2204 est
605 2147 739 2224 tempus,
761 2159 825 2223 quo
849 2158 958 2224 posses
977 2137 1079 2204 videri
1101 2139 1306 2223 concupisse:
1328 2135 1571 2225 confugiendum
1592 2145 1641 2204 est

264 2250 341 2317 assi
366 2253 546 2338 imperium.
575 2271 615 2316 an
640 2251 758 2317 excidit
784 2249 953 2317 trucidatus
985 2249 1144 2318 Corbuiot
1174 2250 1369 2338 splendidior
1394 2249 1515 2336 origine
1545 2271 1641 2336 quam

293 2383 359 2430 >nas
380 2383 498 2438 sumus.
522 2365 642 2430 luteor:
677 2364 733 2431 sed
761 2372 793 2429 et
819 2368 904 2430 Nero
931 2361 1095 2430 nobilitate
1126 2363 1276 2432 natalium
1302 2363 1462 2432 Vitellium
1489 2361 1637 2430 anteibat.

300 2477 376 2544 satis
407 2476 508 2543 clarus
537 2483 586 2544 est
616 2480 702 2562 apud
733 2479 895 2545 timentem
918 2477 1059 2564 quisquis
1087 2479 1224 2545 timetur.
1254 2486 1287 2544 et
1306 2498 1401 2564 posse
1427 2476 1466 2544 ab
1498 2479 1640 2544 exercitu

369 2651 396 2702 Ξ.
417 2651 569 2702 inchoaturi
586 2647 644 2716 (sic)
663 2649 701 2702 Μ.
722 2675 754 2686 -
773 2648 799 2700 li.
820 2649 909 2716 effectu
926 2649 964 2703 ii.
993 2674 1024 2687 -
1055 2655 1174 2702 autnon
1191 2657 1261 2702 certe
1276 2664 1331 2702 ooo
1347 2650 1386 2703 Μ.
1418 2651 1593 2704 Emeudstum
1611 2653 1639 2703 lu

301 2725 395 2774 ceteris
414 2722 499 2774 codd.
519 2747 550 2757 -
569 2721 597 2772 t.
618 2721 705 2773 llsbct
722 2720 856 2771 adiciatne
873 2722 911 2773 Μ.
933 2747 961 2758 -
983 2724 1084 2784 caeptis
1102 2723 1139 2773 iti.
1161 2747 1192 2758 -
1213 2719 1270 2784 ads.
1288 2722 1335 2775 ti:
1354 2723 1400 2789 aff.
1422 2723 1452 2772 it.
1473 2745 1505 2758 -
1528 2725 1555 2774 5.
1575 2724 1638 2788 adq.

299 2795 344 2846 ii:
361 2808 420 2858 acq.
440 2793 471 2844 B.
492 2806 608 2843 —uoco
627 2799 754 2853 tunquam
770 2793 888 2843 salutare
904 2791 942 2844 Μ.
963 2817 991 2828 -
1012 2792 1039 2842 ti.
1059 2792 1154 2857 tuterit
1171 2792 1209 2844 Μ.
1231 2817 1259 2829 -
1281 2794 1324 2842 ii.
1343 2801 1450 2854 torpore
1467 2792 1505 2842 ii.
1523 2790 1641 2857 (torpore

298 2867 373 2915 ultra
389 2872 416 2914 te
434 2863 532 2916 meruit
549 2861 731 2926 Doederlein.)
758 2888 791 2898 -
820 2862 1191 2928 superassumpsit·
1222 2861 1277 2913 lil’.
1304 2862 1342 2915 Μ.
1377 2889 1404 2902 -
1436 2875 1530 2926 sopore
1548 2865 1640 2916 ii.-

299 2937 343 2988 15.
361 2935 507 2999 spieadicrj
524 2931 580 3001 (eie)
599 2934 638 2987 Μ.

298 3103 370 3141 rona
389 3091 421 3142 de
441 3090 485 3142 tati
514 3096 644 3141 conventu
671 3102 724 3140 uon
749 3088 853 3140 dicitur.
883 3088 949 3139 Nem
989 3090 1059 3150 pisse
1078 3089 1236 3151 imperium,
1257 3094 1361 3154 poteras
1380 3102 1431 3140 uon
1451 3089 1552 3153 sideri,
1579 3104 1639 3143 auur

299 3181 325 3224 et
344 3171 437 3238 §icero
457 3171 522 3220 dicit
539 3169 589 3220 sibi
604 3181 731 3220 coronam
748 3169 870 3232 doluisse,
891 3179 950 3218 crim
988 3169 1550 3233 generosiorieortqtuiexirtilludteucreat.
1578 3173 1638 3223 lice

297 3265 346 3314 pra
357 3251 480 3302 Deiotaro
500 3250 610 3307 diceret,
631 3253 693 3313 quia
713 3250 839 3300 iudicium
860 3252 885 3299 in
906 3261 950 3299 cu·
989 3257 1091 3311 tempus
1112 3252 1265 3310 praeteriit.
1286 3258 1313 3300 et
1331 3251 1477 3311 periculum
1497 3250 1567 3303 baud
1590 3253 1640 3304 du·

299 3330 515 3381 btcntocaessrts
535 3329 654 3380 babituur
673 3338 738 3382 eret.
760 3329 834 3380 Eun.
856 3353 887 3364 -
907 3343 950 3378 or·
988 3330 1059 3379 binus
1079 3333 1199 3382 imminet
1218 3330 1266 3381 tibi
1284 3329 1437 3390 evitelllos
1457 3334 1566 3383 unicum
1580 3335 1638 3383 elus

297 3407 389 3472 duum]
407 3409 555 3459 Arduum
567 3413 615 3468 eet,
629 3409 698 3470 quod
711 3415 747 3458 eet
761 3423 819 3458 cuso
832 3405 948 3471 difficile.
988 3411 1124 3474 eliugium,
1137 3412 1311 3473 imperiumst
1325 3414 1413 3473 captas
1426 3415 1512 3472 ipse.»
1532 3412 1637 3466 Dunn.

297 3496 352 3540 tum
369 3489 504 3539 molestum
521 3495 546 3537 et
563 3487 756 3538 incommodum
774 3493 799 3538 et
819 3488 950 3537 intracta-
988 3489 1032 3539 Vis
1060 3497 1166 3554 argutae
1197 3491 1276 3540 buius
1301 3495 1449 3544 sententiae
1474 3493 1542 3543 lueet
1566 3496 1592 3545 ln
1611 3507 1637 3543 r.

296 3567 355 3624 bile,
376 3569 446 3630 quod
465 3565 560 3617 Graeci
582 3566 720 3634 δυσχερὲς
747 3573 794 3617 aut
821 3564 949 3629 χαλεπὸν
986 3571 1072 3621 uideri
1091 3572 1268 3622 «dontinus
1288 3571 1349 3633 Quo
1370 3585 1448 3622 neura
1468 3585 1546 3634 porro
1565 3585 1640 3635 pree-

297 3647 441 3711 appeitaot.
462 3645 530 3698 Gall.
549 3647 577 3707 t,
598 3648 641 3696 iti.
669 3647 745 3697 titud
766 3659 824 3696 raro
843 3648 949 3697 metaris
987 3651 1053 3700 ieret
1068 3651 1154 3700 ottus·
1172 3663 1228 3700 ooo
1246 3653 1348 3714 cupisse
1367 3663 1427 3702 cum
1444 3652 1638 3712 strombecito.

296 3729 431 3780 eticcctse
452 3739 530 3779 cauea
553 3728 698 3790 iunguntur
717 3725 832 3776 arduum
850 3741 882 3776 ac
899 3724 950 3787 dis·
986 3731 1107 3783 Wcttiier
1123 3732 1161 3780 sic
1179 3729 1379 3804 παραφράζειι
1395 3732 1640 3796 siduiceseaptue

295 3807 371 3873 licite,
391 3822 415 3858 x.
437 3818 461 3855 c.
482 3807 537 3859 bis.
558 3807 602 3862 25.
622 3805 665 3856 1³.
689 3831 722 3840 -
746 3820 764 3856 a
790 3806 949 3856 contumatia
985 3813 1312 3874 opponiturscutentlse‚
1343 3825 1421 3875 quatu
1442 3812 1638 3877 intelligendam

296 3885 359 3950 cet]
378 3887 522 3951 Aliquanto
542 3888 630 3936 mitius
651 3885 750 3937 dictum
772 3899 850 3948 quaxn
871 3899 947 3949 apro·
985 3891 1123 3942 bluciauus
1137 3890 1273 3953 relinquit.
1299 3890 1530 3944 Volebatdiceret
1550 3891 1640 3942 stibiit

295 3969 437 4032 1111101111
465 3967 623 4018 10111111111
652 3964 750 4026 tuerit,
779 3978 831 4016 11011
861 3965 945 4022 ltus».
985 3978 1163 4035 tempusque
1186 3983 1274 4033 posses
1292 3972 1375 4023 sideri
1390 3976 1638 4036 concupisceretur

294 4048 335 4100 rel
366 4047 559 4099 secutumeltee
592 4048 700 4108 propius
737 4059 816 4108 quern
844 4045 945 4095 luidb»
984 4063 1316 4112 eousqueuuncrcrum
1335 4052 1468 4113 protectus
1488 4066 1526 4114 es,
1548 4061 1639 4104 utne-

294 4128 420 4180 iiuebner
438 4128 569 4190 explicat:
601 4126 698 4188 «magis
717 4124 796 4176 luerit
814 4138 867 4176 nou
885 4137 947 4176 cou-
985 4144 1027 4182 ruo
1055 4130 1160 4182 dubitet
1183 4138 1209 4183 te
1237 4145 1264 4184 re
1290 4145 1350 4185 rere
1374 4135 1577 4196 concupiscere.
1608 4137 1640 4184 ut

293 4210 400 4262 tumetis
415 4220 495 4269 quesn
515 4208 606 4264 lauet»
625 4207 672 4258 ted
692 4209 846 4268 exquisitior
860 4206 946 4256 Taciti
985 4225 1036 4262 oen
1057 4215 1139 4273 possis
1159 4212 1249 4263 laisum
1266 4224 1379 4276 arguere
1403 4215 1518 4276 speciem
1547 4218 1574 4264 et
1593 4227 1638 4265 eu·

292 4286 412 4360 φράσις.
434 4287 488 4338 Cle.
509 4286 625 4346 lllet.1‚
651 4287 699 4335 io:
727 4285 868 4336 Mucianus
891 4290 947 4336 tam
984 4293 1141 4353 spicloneur.
1171 4291 1242 4344 Nibil
1263 4295 1313 4343 ism
1334 4293 1405 4344 allud
1431 4293 1480 4343 tibi
1505 4294 1637 4357 reliquum

291 4382 373 4432 prope
390 4368 424 4420 ab
444 4366 532 4418 exsule
549 4366 600 4431 [uit
623 4378 702 4427 quam
718 4371 810 4428 posteo
832 4377 850 4415 a
872 4368 947 4428 prta·
985 4379 1034 4430 cst.
1055 4385 1133 4434 quem
1153 4377 1183 4422 ut
1200 4371 1336 4436 conluptss
1358 4373 1389 4422 sd
1409 4375 1577 4436 imperium.»
1600 4371 1639 4436 (li

294 4451 360 4512 otpe-
382 4471 412 4484 -
432 4441 604 4512 tmaqissibus]
624 4446 764 4504 nobilitati.
786 4447 857 4508 quod
873 4459 946 4508 pree·
985 4459 1023 4502 est
1039 4450 1130 4515 passi,
1150 4451 1172 4500 it
1197 4457 1235 4500 est
1259 4451 1314 4502 loto
1339 4451 1370 4504 de
1394 4466 1476 4510 noue.
1505 4468 1532 4504 ce
1556 4461 1639 4518 temps

297 4534 339 4580 ter
356 4529 456 4591 aliquot
475 4527 656 4588 expeditiones
682 4538 837 4588 prosperus.
865 4539 946 4588 prope
985 4529 1019 4581 osi
1031 4536 1059 4580 tu
1068 4533 1183 4593 paeonis
1198 4530 1366 4593 paraitse
1379 4533 1556 4584 ambitionoer
1567 4534 1639 4584 t'em·

295 4620 379 4659 uuum
389 4616 446 4659 crat
455 4609 578 4658 nieritum
590 4605 699 4656 (luibae.
710 4631 743 4640 -
756 4611 861 4669 torpere
873 4607 947 4656 uitro
982 4613 1049 4674 pire.
1070 4612 1094 4661 it
1110 4610 1169 4673 [aui
1188 4619 1213 4662 te
1230 4611 1349 4676 risuqier
1360 4613 1429 4663 dans
1442 4613 1470 4664 la
1481 4617 1640 4666 sauoeraiae

294 4688 329 4748 et]
348 4687 527 4738 Doederleiuli
548 4688 623 4736 coni.
648 4693 753 4747 torpore
766 4685 838 4736 ultra
851 4693 876 4737 te
894 4699 946 4736 nou
982 4693 1130 4753 puissunce.
1152 4690 1317 4749 Louandre.)
1336 4689 1389 4744 co.
1410 4698 1488 4745 eiiam
1508 4695 1638 4756 Iosephus

298 4766 575 4818 tolliturumsuiiesteo
588 4767 727 4830 tautologia
738 4771 947 4830 intertorpereet
983 4773 1010 4830 t.
1030 4773 1073 4828 io,
1092 4771 1129 4820 i:
1151 4772 1195 4840 Τῷ
1221 4770 1251 4823 ti
1278 4768 1490 4842 Οὐεσπασιανῷ
1514 4777 1640 4846 φροντὶς

293 4847 944 4910 sopor,qnamtnvuigsutmmeruuuiopioor.
982 4851 1037 4916 μὲν
1055 4842 1092 4917 ἦν
1111 4848 1201 4902 πάλαι
1219 4851 1285 4922 περὶ
1303 4851 1361 4904 τῶν
1384 4851 1480 4915 ὅλων,
1510 4849 1576 4908 οὔτι
1604 4872 1639 4923 γε

294 4924 473 4985 reprehendit.
488 4925 646 4980 Lnusndret
661 4926 946 4989 Atteudreplustoup·
982 4928 1043 4996 μὴν
1060 4924 1157 4994 αὐτὸς
1175 4923 1277 5000 ἄρχειν
1301 4932 1470 5005 προῄρητο,
1497 4939 1559 4999 τοῖς
1579 4935 1639 5000 μέν

294 5011 384 5065 teupi.
398 5003 944 5070 ··ceseraituoetndiffireocecoupable.
983 5005 1083 5080 ἔργοις
1110 5007 1218 5062 ἑαυτὸν
1241 5003 1326 5073 ἄξιον
1352 5005 1537 5080 ἡγούμενος,
1563 5029 1640 5084 spo-

292 5109 324 5120 -
343 5083 428 5134 uidere·
447 5097 503 5132 ooo
523 5083 634 5150 cupisse]
656 5099 757 5148 eunuc,
781 5093 873 5147 utpote
891 5099 944 5138 unu
982 5089 1088 5158 κρίνων
1111 5087 1142 5140 ii
1166 5091 1224 5141 τῶν
1240 5088 1273 5142 ἐν
1291 5089 1475 5162 λαμπρότητι
1492 5089 1638 5144 κινδύνων

292 5161 434 5230 ignobilior
452 5163 567 5225 Vitellio.
588 5169 737 5219 necessario
755 5166 886 5219 videbaris
900 5181 944 5220 cu·
982 5165 1037 5236 τὴν
1054 5165 1086 5220 ἐν
1104 5164 1234 5233 ἰδιώταις
1256 5165 1433 5236 ἀσφάλειαν.
1452 5197 1485 5212 -
1508 5171 1636 5240 Corbulo]
