3576 5882
263 535 325 602 ais
616 537 807 606 CORNELII
827 535 963 604 recisi
983 536 1259 605 nissoitiiuiiii

263 700 400 788 antiquis
427 702 626 768 sacerdotum
657 699 769 766 litteris
791 697 946 765 contineri
969 721 1007 764 eo
1029 698 1099 786 ipso
1120 705 1265 784 tempore
1285 700 1356 768 iore
1376 707 1413 768 ut
1433 699 1608 770 valesceret

265 817 377 883 Oriens
397 812 593 902 profectique
615 811 732 880 Iudaea
753 832 860 879 rerum
883 815 1070 897 potirentur.
1106 833 1187 900 quae
1208 816 1358 900 ambages
1378 816 1604 902 Vespasianum

264 948 300 994 uo
322 927 425 994 Titum
447 927 661 1016 praedixerat:
685 929 741 992 sed
766 925 896 1010 volgus,
919 946 1010 992 more
1030 929 1186 994 bumanse
1209 929 1382 1014 cupidinis,
1407 926 1468 994 sibi
1489 935 1606 996 tantam

263 1040 400 1110 fatorum
423 1041 670 1128 magnitudinem
691 1039 886 1126 interpretati
907 1061 948 1106 ne
969 1040 1109 1106 adversis
1131 1039 1257 1128 quidem
1280 1043 1320 1106 ad
1341 1061 1416 1107 vera
1441 1045 1606 1109 mutaban-

239 1165 325 1224 stur.
362 1155 593 1222 multitudinem
616 1157 835 1230 obsessorum,
863 1155 965 1220 omnis
986 1153 1117 1232 aetatis,
1151 1153 1242 1220 virile
1265 1174 1301 1219 ao
1322 1152 1474 1221 muliebre
1496 1177 1604 1234 secus,

262 1276 410 1336 sexcenta
430 1268 516 1336 milia
537 1268 635 1335 inisse
657 1266 846 1353 accepimus.
869 1287 956 1333 arma
977 1267 1098 1334 cunctis
1119 1267 1174 1354 qui
1196 1265 1282 1334 lerre
1303 1274 1449 1352 possent;
1475 1278 1507 1335 et
1527 1269 1601 1357 plu·

261 1405 313 1451 res
335 1404 428 1470 quam
450 1402 508 1469 pro
529 1402 663 1448 numero
685 1383 850 1448 audebant.
889 1382 1057 1446 obstinatio
1088 1380 1164 1447 viris
1194 1378 1385 1467 feminisque
1410 1402 1485 1470 ραις
1518 1383 1605 1451 acsi

261 1495 432 1564 bausierre
454 1495 543 1562 sedes
565 1503 771 1582 cogerentur,
794 1494 898 1561 maior
919 1496 1000 1560 sitae
1022 1502 1124 1562 metus
1141 1515 1235 1580 quam
1250 1495 1371 1562 mortis.
1395 1497 1476 1563 bane
1492 1499 1606 1564 adser-

260 1633 313 1678 sus
335 1599 446 1676 urbem
469 1617 655 1695 gentemque
677 1609 792 1676 Caesar
812 1607 917 1685 Titus,
945 1607 1072 1695 quando
1093 1609 1219 1693 inpetus
1241 1615 1273 1674 et
1294 1606 1396 1676 subita
1417 1607 1495 1677 belli
1514 1609 1605 1677 locus

224 1723 427 1802 restrueret,
456 1727 624 1812 aggeribus
646 1723 807 1808 vineisque
830 1728 950 1788 certare
971 1721 1089 1788 statuit.
1128 1720 1312 1789 dividuntur
1332 1722 1509 1809 legionibus
1532 1745 1607 1791 mu·

262 1842 329 1918 nia,
355 1848 386 1907 ot
401 1843 490 1926 quies
511 1837 700 1925 praeliorum
721 1838 798 1914 fuit,
821 1839 924 1902 donee
945 1842 1057 1901 cuneta
1079 1834 1298 1921 expugnandis
1319 1835 1453 1904 urbibus
1477 1845 1606 1924 reperta

261 1954 345 2041 apud
366 1960 490 2021 ueteres
511 1959 565 2018 aut
585 1953 675 2018 novis
695 1949 830 2037 ingeniis
851 1956 1059 2016 struerentur.

332 2165 359 2216 Β.
375 2165 527 2228 potirentur
545 2164 589 2215 iii:
614 2167 769 2226 poterentur
785 2163 818 2212 Β.
849 2185 877 2197 -
903 2159 930 2212 3.
949 2159 1057 2212 iisbent
1072 2159 1246 2221 praedicarat
1263 2160 1309 2221 si,
1336 2161 1402 2226 lieg.
1421 2159 1489 2212 liud.
1509 2159 1605 2224 Spir..

263 2239 311 2290 sed
327 2237 523 2300 praedicerent
542 2233 631 2287 Gueit.
651 2236 786 2298 ceterique
805 2231 890 2285 codd.
910 2231 1014 2284 Puteoi·
1032 2231 1129 2282 littter.
1167 2231 1201 2281 Et
1219 2243 1282 2283 asne
1296 2243 1373 2282 uum·
1393 2232 1460 2298 sing.
1480 2233 1608 2297 sniapes

264 2320 396 2372 nusausm
408 2309 539 2371 reperitur
557 2308 584 2356 ia
603 2305 775 2368 scriptoribus
793 2305 908 2362 Latinis,
929 2305 976 2355 etsi
995 2309 1183 2353 membratura
1198 2301 1317 2354 charisio
1335 2317 1362 2368 p.
1377 2302 1609 2356 Pi.1.ind.tbis·

265 2383 364 2437 tirum.
379 2383 424 2444 aui
436 2380 507 2430 seius
522 2387 593 2427 nune
605 2375 677 2436 spud
688 2380 829 2435 scriptores
841 2381 979 2436 superest.
993 2376 1014 2424 si
1028 2373 1101 2424 bunc
1114 2374 1199 2426 iocum
1212 2378 1333 2435 excipere
1346 2374 1428 2434 reiis,
1442 2373 1523 2427 babes
1532 2375 1606 2426 Ano.

264 2453 297 2510 d,
317 2450 371 2501 tir
390 2463 446 2499 nors
464 2448 557 2499 abdita
575 2446 695 2510 ambope.
735 2446 789 2510 ligo
809 2459 917 2510 auoque
935 2445 978 2496 bie
997 2451 1130 2507 praestare
1150 2451 1213 2506 puto
1232 2458 1306 2495 num.
1327 2444 1475 2508 pluralem,
1509 2459 1605 2499 serum

265 2527 373 2586 propter
390 2520 418 2572 iii
438 2521 620 2570 suctoritstem
640 2516 797 2579 singularem
817 2518 927 2569 sersssi.
947 2539 974 2551 -
1002 2516 1029 2567 4.
1048 2515 1231 2580 οιοροίιιιιίίοι
1252 2515 1289 2566 ii.
1306 2535 1340 2551 -
1366 2512 1599 2582 sumptuali.-

264 2595 291 2644 5.
311 2592 422 2643 bominis
440 2590 477 2642 bi.
496 2614 530 2624 -
551 2587 663 2640 Videtur
682 2592 709 2638 in
726 2587 755 2639 bi
774 2600 831 2640 esse
849 2601 944 2649 assus,
964 2589 1013 2638 etsi
1032 2599 1080 2650 pro
1099 2593 1171 2638 serto
1188 2585 1313 2638 aiiirmart
1331 2589 1434 2650 nequit.
1451 2607 1480 2622 -
1500 2587 1528 2638 b.
1545 2589 1604 2651 inp.

264 2664 315 2716 bis
334 2665 397 2726 trop.
418 2660 448 2711 Β.

266 2839 407 2902 pretsri.-
418 2831 916 2902 autipuissae.titterislreiutlisnieiis
954 2836 1034 2883 sautu
1059 2829 1189 2892 liessise,
1217 2829 1323 2894 iosepbi
1348 2829 1366 2881 i.
1387 2830 1405 2882 i.
1425 2827 1465 2895 ὠς
1483 2830 1605 2884 οἰκεῖον.

266 2921 294 2982 Β,
312 2919 363 2970 bl:
381 2917 438 2970 Καί
456 2915 488 2970 ἐν
506 2922 570 2981 ταῖς
587 2911 712 2987 ἡμέραις
724 2911 782 2968 τῶν
798 2913 915 2978 βασιλέ·
954 2913 1024 2962 Rus.
1040 2937 1068 2950 -
1085 2911 1121 2962 ad
1138 2925 1201 2963 υιτα
1219 2908 1401 2976 mutabantur]
1421 2911 1608 2983 βραχυλογία

266 3016 307 3051 ων
323 2997 443 3050 ἐκείνων
460 2991 623 3062 ἀναστήσει
649 2990 666 3046 ὁ
693 2993 763 3060 braic
786 2992 841 3047 τοῦ
866 2989 916 3046 ou’·
954 3003 1130 3058 proauorum
1149 3003 1222 3042 meos
1249 2996 1276 3043 et
1302 2993 1394 3054 opinio
1422 2990 1464 3044 sei
1489 3005 1548 3054 spes
1571 3005 1605 3043 ne

264 3077 359 3149 ρανοῦ
375 3075 538 3140 βασιλείαν,
557 3070 623 3142 ἥτις
644 3075 687 3139 είς
711 3071 782 3139 τούς
806 3073 916 3136 αἰῶνας
954 3072 1070 3126 adversis
1089 3071 1196 3136 auidam
1216 3073 1252 3122 its
1271 3072 1431 3133 mutabatur,
1459 3077 1489 3122 at
1510 3075 1606 3123 rarita-

265 3153 303 3210 ou‘
321 3152 566 3226 διαφθαρήσεται,
586 3151 673 3220 καὶὴ
701 3152 838 3218 βασιλεία
865 3147 916 3203 ari·
954 3159 1007 3205 tarn
1025 3157 1215 3216 agnoscerent,
1235 3153 1275 3203 bis
1293 3152 1447 3215 ambagibus
1465 3165 1519 3204 nan
1536 3152 1605 3204 lies-

265 3236 319 3290 τοῠ
349 3235 409 3304 λαῷ
443 3234 532 3304 ἑτέρῳ
562 3231 619 3296 οιίχ
653 3229 913 3300 ὖτολιιφδήσιται.
954 3236 1019 3286 siam
1037 3247 1053 3285 a
1070 3246 1098 3285 se
1117 3232 1309 3286 ardentissimis
1329 3236 1398 3286 rotis
1417 3235 1470 3285 ism
1498 3232 1545 3283 diu
1563 3247 1606 3285 ex·

265 3317 341 3368 Adde
360 3323 448 3367 cetera
465 3316 599 3374 ssiteioia,
620 3325 687 3376 quae
707 3312 832 3363 dicuntur
845 3311 915 3362 Mes·
953 3319 1112 3378 spectatum,
1133 3312 1180 3363 sad
1202 3312 1403 3377 Vespasianum,
1419 3315 1604 3376 imperatorem

265 3401 374 3449 stantes.
394 3422 427 3433 -
446 3395 634 3446 atuatesceret
659 3390 761 3458 Oriens]
787 3393 915 3455 iosepbus
952 3395 1113 3455 Romanum,
1133 3393 1265 3454 portendi.
1285 3389 1472 3457 lo.-secus]
1492 3400 1523 3444 ut
1534 3393 1603 3443 Anu.
1683 3449 1686 3456 .

266 3478 297 3529 is.
316 3477 339 3528 1.
358 3477 385 3536 b.
406 3475 437 3533 5.
454 3476 485 3525 t:
506 3472 546 3526 Τὸ
564 3473 595 3527 ti
613 3471 724 3546 ἐπᾶραν
737 3470 848 3536 αὐτούς
860 3470 915 3540 μοί-
952 3475 980 3534 t.
999 3474 1044 3525 dP.
1064 3471 1197 3525 Charisius
1214 3486 1241 3536 p.
1260 3473 1305 3524 oi.
1323 3472 1354 3523 P.
1370 3499 1397 3510 -
1418 3481 1540 3526 emessa
1556 3475 1606 3523 asi·

265 3556 351 3609 λιστα
374 3553 448 3626 πρὸς
471 3549 524 3605 τὸν
551 3550 682 3621 πόλεμον
711 3546 748 3620 ἢν
780 3549 915 3625 χρησμὸς
952 3551 1002 3618 iia]
1020 3553 1105 3605 Aliter
1131 3554 1261 3617 losepbua
1281 3553 1312 3604 Β.
1334 3552 1356 3604 l.
1375 3554 1412 3614 d,
1431 3553 1463 3614 9,
1484 3552 1521 3604 3ι
1547 3557 1605 3606 sois

265 3632 435 3701 ἀμφίβολος
463 3631 495 3683 ἐν
531 3637 594 3697 τοίς
628 3633 717 3704 ἱεροῖς
752 3627 915 3700 εὑρημένος
950 3633 1006 3700 μὲν
1025 3625 1078 3684 οὖν
1096 3631 1290 3699 αἰχμαλώτων
1307 3633 1435 3696 πάντων,
1456 3627 1516 3684 ὅσα
1539 3631 1605 3685 καθ’

265 3711 448 3783 γράμμασιν.
467 3702 506 3776 ὦς
524 3709 601 3764 κατὰ
618 3709 671 3763 τὸν
684 3709 789 3782 καιρὸν
801 3709 915 3762 ἐκεῖνον
952 3708 1023 3766 ὅλον
1040 3709 1157 3779 ἐλήφθη
1176 3709 1230 3762 τὸν
1247 3709 1386 3778 πόλεμον,
1404 3705 1535 3784 α’ριθμὸς
1560 3711 1605 3764 ἐν·

265 3789 325 3844 eiad
345 3790 395 3858 τῆς
412 3789 511 3862 χώρας
527 3806 570 3855 τις
586 3785 686 3842 αὐτῶν
703 3785 784 3862 ἄρξει
801 3789 855 3856 τῆς
874 3790 915 3840 σί·
952 3793 1005 3844 νὲα
1020 3789 1158 3862 μυριάδες
1169 3792 1219 3843 καί
1232 3789 1444 3855 ἑπτακισχίλιοι
1456 3790 1603 3860 συνήχθη.

264 3875 421 3938 κουμένης.
440 3869 535 3922 Τοῦτο
554 3870 585 3924 σί
600 3870 655 3936 μὲν
671 3864 710 3934 ὥς
728 3871 839 3922 οίκιίον
857 3865 915 3932 ἐξέ·
952 3870 1010 3924 τῶν
1024 3867 1048 3920 δ’
1060 3865 1252 3935 ἀπολομένων
1270 3869 1346 3922 κατὰ
1365 3870 1464 3923 πᾶσαν
1482 3870 1537 3938 τὴν
1555 3885 1607 3924 rso·

265 3951 368 4014 iratior,
388 3948 556 4002 minatici
583 3947 641 4001 τῶν
668 3951 771 4014 σοφῶν
792 3945 915 4016 talassi-
952 3947 1512 4022 λιορκίανμυριοὶδιςἑκατόνκαίδέκα.
1533 3947 1607 4004 Tori-

265 4029 363 4098 bpaas
380 4030 445 4099 sept
468 4026 523 4096 τὴν
547 4031 651 4098 κρίσιν.
674 4023 794 4093 ’Pipleo
819 4022 915 4100 d'o's'pa
952 4046 1009 4083 των
1027 4026 1062 4082 τὸ
1082 4028 1170 4079 πλέον
1188 4025 1346 4095 ὁμόφυλον
1369 4031 1434 4095 μέν,
1462 4025 1525 4082 atti·
1547 4025 1606 4083 osis

265 4109 321 4178 τὴν
342 4105 570 4162 Οὐεσπασιανοῦ
587 4107 622 4161 τὸ
636 4105 738 4174 λόγιον
752 4107 915 4176 ἡγεμονίαν
952 4105 1121 4181 ἐπιχώριον·
1155 4101 1214 4159 α’πό
1242 4105 1299 4180 γὰρ
1327 4109 1380 4177 τῆς
1407 4106 1509 4181 χώρας
1534 4105 1607 4177 ὅλης

266 4187 490 4254 ἀποδειχθέντος
509 4185 557 4240 ἐστί
574 4181 715 4251 Ἰουδαίας
734 4183 915 4258 αυτοκράτο-
952 4187 1000 4241 ἐπί
1019 4186 1072 4254 τὴν
1097 4185 1154 4239 τῶν
1171 4181 1295 4253 Ἅζύμων
1319 4185 1426 4261 ἑορτὴν
1450 4189 1606 4254 συνεληλυ-

266 4285 327 4342 ρος.
349 4269 423 4320 Suet.
445 4269 522 4329 vesp.
540 4267 578 4318 bs*
603 4267 793 4318 Percrebuerat
812 4268 916 4318 Oriente
953 4267 1049 4332 briseg,
1068 4263 1206 4334 ἐξαπίνης
1221 4265 1260 4338 τῷ
1279 4265 1396 4337 πολέμῳ
1418 4267 1606 4341 περιεσχέθη-

266 4355 321 4400 toto
333 4357 407 4401 urtsss
420 4352 444 4398 et
461 4355 585 4399 coartans
602 4349 707 4410 opinio,
727 4359 778 4398 esse
795 4347 824 4396 ia
839 4348 913 4413 tatis,
953 4364 1018 4400 σαν.
1040 4347 1149 4400 Orosius
1166 4348 1195 4409 7,
1214 4348 1249 4399 P:
1275 4347 1332 4399 Dc.
1352 4349 1428 4399 mitia
1445 4347 1607 4400 iudaeorum

265 4435 294 4481 ui
313 4443 342 4480 eo
361 4437 474 4492 ternpore
492 4427 593 4478 iudaea
609 4425 724 4491 proserii
739 4441 827 4478 rerum
846 4429 917 4492 poti·
953 4441 982 4478 eo
1001 4427 1066 4480 betto
1091 4426 1229 4490 interserta
1256 4427 1391 4478 cometissa
1415 4433 1441 4479 et
1463 4427 1606 4481 Suetonius

265 4517 365 4562 reatus.
385 4510 417 4560 id
434 4510 465 4560 de
490 4510 650 4572 imperatore
674 4508 808 4567 itomarso,
833 4521 916 4572 paau-
953 4507 1087 4571 reseruata
1117 4508 1242 4570 iosepbus
1268 4518 1331 4558 uero
1353 4505 1467 4559 Iudaeus
1485 4533 1496 4546 ·
1513 4533 1525 4545 -
1540 4511 1605 4558 seri·

265 4593 322 4639 tum
335 4595 430 4653 postea
447 4594 538 4642 euentu
552 4589 656 4650 paruit,
681 4587 849 4649 praedictum
871 4587 915 4638 iu·
954 4589 991 4639 bit
1013 4587 1133 4639 andecies
1151 4593 1261 4638 ceuteaa
1277 4586 1354 4638 mitio
1381 4587 1473 4652 plodio
1491 4593 1518 4638 et
1536 4587 1607 4652 [arae

266 4669 426 4719 dosiades
448 4669 590 4727 trabentes,
616 4667 785 4718 rebellarunt.
805 4690 838 4706 -
860 4679 915 4718 aos-
951 4668 1059 4731 perisse.
1078 4667 1225 4730 Utrumque
1239 4665 1418 4719 testimonium
1430 4666 1512 4720 reiert
1525 4673 1606 4722 etiem

266 4749 344 4812 bapes
362 4775 373 4786 -
391 4773 402 4785 ·
422 4747 614 4812 praedixerat]
639 4745 764 4798 Proclivis
789 4747 914 4810 equidem
954 4748 1128 4813 Hieronymus
1143 4750 1170 4798 in
1184 4748 1281 4799 Cbron.
1296 4761 1323 4810 p.
1336 4743 1397 4797 tas.
1418 4746 1468 4798 lid·
1482 4749 1604 4801 Recenti.

264 4841 323 4880 sum
335 4828 367 4879 sd
381 4830 582 4893 praeterendum
596 4841 669 4879 num.
685 4830 766 4892 pion,
782 4841 854 4890 eum,
866 4832 913 4894 qui
953 4827 1078 4880 Ceterum
1096 4835 1157 4880 uota
1177 4829 1347 4888 obsessorum,
1377 4839 1431 4878 uon
1456 4829 1605 4894 interserto·

266 4911 366 4970 prtmus
385 4908 459 4961 dedit
475 4911 647 4973 singuisrans,
672 4923 697 4961 r.
717 4909 840 4974 ambapes
860 4909 915 4970 (lo-
951 4923 1010 4960 rum
1023 4921 1162 4962 numerum
1175 4910 1243 4960 trudi
1256 4922 1270 4960 a
1284 4907 1384 4959 Tacito.
1403 4906 1544 4970 Quomodo
1557 4923 1605 4960 su·

264 4989 339 5050 sepbi
358 4987 492 5060 χρησμὸς
518 4985 698 5056 ἀμφίβολος)
725 4993 841 5052 potuerit
865 5003 913 5054 pro
952 4997 1004 5042 tern
1025 4991 1227 5053 disorepsntiam
1251 4990 1319 5042 bane
1336 4990 1503 5054 aliquatenus
1524 5003 1601 5044 exse·

265 5068 316 5118 boc
334 5066 722 5133 bebere‚ignorananusousm
742 5075 843 5122 exstare
862 5071 913 5120 nisi
952 5084 1034 5134 quare
1062 5077 1170 5122 constas
1199 5074 1234 5123 sit
1261 5069 1388 5123 Sslssdor
1413 5069 1450 5120 ii.
1476 5083 1503 5134 p.
1529 5069 1601 5130 ³¹1⁴..

264 5147 407 5198 ablativum
426 5148 544 5213 ambage.
565 5174 597 5186 -
616 5149 677 5214 sibi]
698 5156 727 5201 ut
744 5151 778 5202 sd
805 5165 833 5203 se
853 5163 912 5214 per·
951 5148 1012 5202 side
1030 5153 1057 5200 in
1076 5151 1202 5202 Excursu.
1227 5177 1256 5188 -
1279 5149 1371 5213 piures
1388 5162 1469 5215 psam
1484 5162 1536 5213 pro
1554 5162 1603 5198 uss·

265 5231 403 5290 sinentem,
424 5233 453 5278 ot
472 5228 504 5280 de
523 5241 551 5281 se
569 5229 733 5292 praedictum
759 5235 785 5280 et
808 5229 842 5282 de
867 5229 914 5282 sd·
949 5225 1034 5293 σιαο]
1054 5229 1128 5283 siloe
1145 5230 1232 5284 raiets
1251 5229 1325 5284 inere
1353 5228 1452 5284 obsessi
1476 5236 1601 5283 secema
