3576 5880
496 513 613 585 ornan
633 511 690 584 in.
710 515 804 605 usp.
826 519 879 585 ar.
903 521 955 586 oa.
979 522 1031 587 ss.
1372 523 1433 590 ιιι

112 676 232 744 (libonis
250 695 382 764 quoqne
400 675 487 744 bello
508 677 730 758 credebanturr
757 699 834 746 mox
856 677 1125 748 tertiadecimanos
1146 679 1186 748 ad
1209 679 1433 750 exstruendum

110 790 361 874 ampbiibcatrnm
375 789 518 867 relictos,
539 797 575 859 ni
589 798 660 858 sunt
678 794 825 880 procacia
846 791 984 860 urbanae
1006 794 1108 882 plebis
1129 794 1269 880 ingenia,
1292 794 1435 881 petulen-

110 901 184 969 tibus
203 901 314 988 iurgiis
334 902 516 972 inluserunt.
541 908 627 970 auxit
647 904 797 972 iuvidiam
819 905 937 972 aditum
958 905 1055 972 illica
1074 909 1205 974 Caecina
1227 907 1434 992 gladiatorum

109 1015 325 1104 spectaculum,
349 1021 521 1104 cademque
543 1039 651 1085 rursus
674 1016 750 1084 belli
771 1022 879 1094 scdcs,
910 1028 940 1085 ei
962 1019 1097 1105 praebiti
1118 1019 1151 1086 in
1173 1023 1241 1086 acic
1264 1020 1435 1088 Vitellianis

109 1128 176 1203 cibi,
208 1150 318 1197 caesae
347 1129 500 1216 quaedam
529 1128 667 1196 feminae
699 1130 802 1198 studio
831 1135 966 1216 partium
996 1132 1035 1199 ad
1063 1131 1218 1217 praelium
1240 1153 1458 1220 progressuum

109 1251 219 1329 tempus
247 1263 377 1330 qnoque
402 1251 557 1312 mercetur
585 1244 680 1311 ditem
711 1245 829 1330 alioqui
857 1244 1013 1312 coloniam
1035 1246 1189 1311 maiorum
1212 1266 1308 1333 opum
1330 1246 1435 1332 specie

109 1353 286 1440 complebat.
321 1359 419 1424 ceteri
441 1359 537 1424 duces
553 1353 589 1424 'lo
612 1355 767 1424 obscuro:
788 1359 957 1424 Antonium
978 1355 1105 1423 loriuna
1125 1359 1273 1444 famaque
1295 1361 1435 1426 omnium

108 1468 195 1536 oculis
214 1479 419 1557 exposuerat.
444 1472 471 1536 is
491 1469 631 1536 balineas
652 1468 809 1537 abluendo
832 1471 938 1537 cruori
960 1489 1097 1557 propere
1111 1473 1199 1557 petit.
1225 1479 1357 1559 excepta
1371 1493 1436 1538 vox

108 1588 165 1660 est,
196 1603 267 1650 cnrrr
289 1591 434 1670 teporem
454 1582 628 1658 incusaret,
665 1584 787 1648 calaum
809 1581 947 1650 loturum
969 1592 1004 1648 ut
1024 1583 1281 1650 incalescerent.»
1319 1584 1437 1653 vernile

108 1694 212 1762 dictum
245 1717 375 1764 omnem
406 1695 556 1763 invidiam
585 1696 619 1762 in
649 1717 721 1762 cum
749 1696 859 1771 vertit,
896 1704 1052 1784 tamquam
1080 1699 1203 1783 signum
1224 1696 1438 1766 incendendae
1447 1729 1473 1771 ro

108 1807 269 1876 Cremonae
283 1808 442 1887 deducet,
467 1829 546 1896 quae
568 1811 630 1876 iam
652 1811 817 1894 flagrabat.
853 1808 914 1894 (33)
938 1807 1142 1896 quadraginta
1164 1819 1354 1876 armatorum
1378 1810 1435 1876 mi·

107 1921 143 1988 lio
161 1925 323 2010 inrupere,
356 1922 500 1990 calonum
534 1922 732 2010 lixarumque
761 1921 895 2009 amplior
923 1943 1073 1988 numerus
1103 1930 1135 1988 ct
1160 1924 1194 1987 irr
1215 1921 1379 1991 libidinem
1400 1944 1438 1989 ac

107 2035 255 2103 saevitiam
285 2038 475 2122 corruptior.
514 2054 577 2102 non
607 2034 759 2120 dignitas,
794 2055 859 2102 non
888 2042 973 2100 aetus
1002 2037 1209 2121 protegebat,
1242 2055 1305 2124 quo
1335 2035 1437 2104 miuus

107 2155 203 2235 stupra
228 2149 395 2228 caedibus,
430 2147 542 2215 caedes
571 2150 688 2233 stupris
715 2150 931 2214 miscerentur.
970 2146 1165 2232 grandaevos
1187 2167 1295 2225 senes,
1329 2157 1439 2216 ersom

106 2269 196 2327 aetate
222 2260 375 2338 iamiuss,
408 2261 487 2330 viles
516 2261 750 2344 adpraedam,
781 2262 815 2326 in
842 2257 1013 2326 ludibrium
1043 2257 1218 2328 trabebant
1254 2259 1310 2330 ubi
1331 2261 1436 2330 adulta
1449 2293 1473 2334 ιι

106 2375 186 2460 rirqo
213 2384 268 2444 aut
296 2377 367 2462 quis
393 2374 496 2442 lorma
523 2375 710 2460 conspicuus
737 2374 915 2451 incidisset,
954 2373 985 2440 ri
1014 2371 1221 2459 manibusque
1249 2374 1436 2461 rapientium

106 2484 232 2556 divolsus
258 2491 348 2574 ipsos
377 2495 538 2574 postremo
568 2484 744 2572 direptores
766 2488 798 2554 irr
825 2494 964 2553 mutuam
993 2485 1167 2571 pernicicm
1198 2488 1321 2571 agebat.
1359 2491 1435 2556 dum

105 2599 259 2684 pecuniam
280 2599 333 2668 rel
356 2599 463 2687 gracie
484 2619 561 2666 auro
584 2600 772 2684 templorum
795 2600 876 2665 dona
899 2599 960 2665 sibi
982 2601 1116 2686 quisquc
1138 2601 1286 2678 trabunt,
1313 2601 1434 2668 maiora

106 2713 229 2784 eliorum
250 2715 285 2782 ri
299 2711 532 2782 truncabantur.
556 2711 684 2799 quidam
702 2710 795 2779 obvia
811 2713 986 2798 aspernati,
1009 2710 1194 2779 verberibus
1209 2716 1436 2802 tormentisque

106 2823 296 2898 dominorum
319 2826 425 2896 abdita
445 2825 594 2904 scrutari,
617 2823 742 2892 delossa
764 2844 887 2890 eruere.
919 2823 1002 2891 laces
1024 2827 1057 2890 in
1079 2826 1240 2902 manibus,
1264 2846 1359 2914 quas,
1380 2825 1474 2893 ubire

165 3012 190 3062 i.
209 3019 281 3064 creir.
300 3009 338 3063 ii.
367 3031 401 3046 ··
426 3007 453 3060 8.
472 3009 521 3060 ini.
542 3008 589 3062 lde
615 3008 656 3060 itt.
681 3006 713 3057 it.
742 3032 774 3044 -
804 3005 986 3071 plodioiorunt
1010 3003 1046 3070 (Ιιι
1070 3008 1122 3058 line
1140 3008 1243 3064 versus)
1266 3021 1328 3060 rent
1342 3008 1382 3061 ii.
1403 3033 1432 3048 -

104 3077 129 3130 i.
144 3095 210 3134 eecce
227 3083 266 3135 ii.
293 3104 328 3117 -
359 3079 445 3132 lisbet
463 3079 597 3145 proctiurn
614 3079 661 3140 ii,
686 3091 738 3130 uon
757 3076 851 3129 betlone
869 3077 938 3128 lind.
968 3101 998 3114 -
1030 3078 1057 3127 6.
1076 3077 1166 3128 Habet
1189 3077 1290 3142 otioque·
1307 3077 1335 3130 ri
1345 3115 1353 3140 ,
1381 3090 1434 3130 uon

104 3150 213 3218 oboqoin
232 3152 304 3204 lirici.
323 3157 385 3203 cute
404 3149 570 3203 Oberlluum.
589 3173 622 3188 -
647 3149 775 3200 ntoiorern
792 3161 871 3211 opum
887 3147 970 3210 specie
989 3145 1045 3210 (stc)
1064 3147 1101 3198 ii.
1130 3167 1163 3185 -
1192 3145 1219 3197 8.
1238 3147 1327 3202 Habet
1344 3150 1436 3198 crocci

104 3219 144 3280 ii,
162 3235 214 3274 non
234 3234 331 3274 errem
356 3221 426 3285 spir.
443 3220 547 3273 Pntcoi.
576 3245 608 3256 -
638 3219 665 3270 i.
684 3219 855 3271 inolescerent
874 3218 919 3276 ii.
949 3218 1020 3270 unde
1037 3218 1231 3269 inardescerent
1250 3217 1338 3270 uncti.
1359 3219 1433 3271 lieri.

104 3289 150 3342 les.
168 3291 333 3356 (correctum
352 3298 391 3345 est
409 3295 460 3343 iam
479 3293 507 3342 irr
527 3290 611 3354 spir.)
628 3314 663 3325 -
681 3289 725 3339 ie.
745 3289 797 3341 inr.
817 3288 864 3339 iic
883 3290 933 3338 irr.
947 3286 979 3338 ii.
996 3313 1024 3325 -
1044 3289 1088 3339 ra.
1106 3289 1181 3340 seott.
1194 3286 1234 3340 ii.
1251 3315 1280 3329 -
1302 3288 1345 3341 ie.
1366 3290 1435 3340 cedi·

105 3359 146 3412 m
161 3363 199 3417 us
219 3389 251 3404 ‘¹'
272 3362 425 3430 arandam
440 3361 479 3417 nc
500 3385 532 3399 “²
550 3362 594 3413 wc
613 3354 695 3411 Obvia
711 3359 751 3412 u·

103 3515 221 3571 sciliceta
245 3516 402 3577 lictoribus,
429 3516 475 3579 qut
500 3520 658 3580 prsecuuter
684 3527 746 3568 coo·
785 3517 855 3566 trata
873 3516 910 3568 ris
929 3512 1112 3577 tribuebatur,
1137 3520 1168 3566 ut
1185 3513 1218 3566 sd
1235 3527 1368 3568 summum
1387 3515 1435 3568 du·

103 3599 250 3650 cutidicere
268 3597 404 3650 sotebautr
424 3595 455 3648 Si
471 3596 545 3647 cobis
562 3597 677 3659 cidetw,
694 3595 747 3647 die-
784 3607 841 3648 cem
877 3593 992 3656 prolatae
1016 3599 1044 3647 et
1068 3607 1116 3654 re,
1145 3607 1214 3660 quae
1247 3597 1274 3648 to
1304 3602 1433 3658 potestate

104 3677 186 3740 edus,
206 3678 335 3742 Quiriten
355 3679 492 3732 iiuamr.
783 3675 908 3727 eiosesse
920 3672 1086 3733 credebatur,
1097 3677 1218 3736 speciose
1232 3676 1431 3729 confirmatae·

133 3755 174 3808 ³2.
186 3761 216 3809 s'n
227 3755 363 3822 mirone]
375 3760 418 3810 sir
428 3763 549 3810 neutram
559 3761 660 3822 purtem
669 3754 746 3820 qnid·
783 3753 931 3806 arirestcn
951 3756 1029 3818 tritor
1047 3753 1154 3806 rericus
1172 3755 1266 3806 tribuit
1288 3755 1363 3806 soliis
1390 3755 1433 3808 tila

105 3849 176 3900 quen
194 3841 393 3901 pronuntiarit,
413 3849 501 3902 neque
519 3837 552 3888 ad
570 3836 681 3888 sulutem
700 3847 747 3887 ne·
783 3834 876 3886 borum
895 3846 1028 3887 senorum
1047 3833 1144 3894 rerba,
1170 3835 1268 3899 quibus
1296 3837 1435 3898 iurpatten·

104 3929 152 3979 urie
168 3919 201 3970 ad
219 3921 395 3981 perniciem·
418 3917 489 3968 Eure.
513 3941 541 3956 -
567 3915 667 3967 seiten
691 3914 746 3965 ititc
783 3916 845 3965 ttsm
864 3920 945 3979 atque
964 3916 1029 3965 tram
1048 3913 1189 3965 lavantium
1210 3915 1293 3968 lenire
1311 3917 1430 3968 student.

104 3995 484 4064 om12,d7.etio.
505 4021 534 4035 -
560 3999 668 4058 eccepto
694 4006 748 4043 noc
783 3993 835 4046 Sed
846 3993 1045 4058 quisCrcrnoua
1055 3993 1258 4060 tampoqrobot,
1272 3995 1432 4046 adeuntium

104 4073 148 4140 est]
159 4077 192 4127 ab
204 4077 380 4139 adeuntibus,
394 4080 440 4142 qui
456 4091 487 4130 er
501 4076 679 4129 llonrsnorom
693 4086 747 4124 mo·
782 4074 902 4125 nonnulii
929 4087 986 4126 esur
1005 4085 1096 4125 rocem
1112 4079 1151 4125 sic
1170 4075 1430 4137 interpretabantur,

103 4169 129 4207 re
144 4157 288 4211 arbatum
305 4161 333 4210 iu
352 4157 468 4212 balineas
487 4157 603 4207 comitati
617 4157 702 4206 eraut.
715 4176 743 4190 -
784 4157 860 4218 quasi
878 4166 956 4206 cerne
982 4154 1133 4217 ambiguum
1157 4157 1244 4205 ioenrn
1269 4158 1431 4207 excusationi

103 4237 194 4289 umet·
209 4235 325 4302 mern]
350 4237 474 4302 Plerique
500 4236 599 4286 dictum
624 4235 675 4286 boc
703 4235 747 4282 tri-
784 4234 976 4292 admtscuissct,
996 4235 1115 4286 conscios
1137 4233 1290 4286 incendium
1310 4237 1359 4296 ipsi
1379 4238 1429 4286 iarn

103 4313 183 4370 bunut
199 4319 334 4379 Antonio,
353 4318 444 4384 qnod,
460 4318 535 4381 quest
553 4316 592 4365 sie
609 4316 747 4363 minitatus
784 4320 876 4366 uotum
895 4315 1002 4364 Antonii
1022 4315 1093 4364 iusso
1115 4312 1211 4365 iactum
1230 4325 1298 4364 esse.
1318 4313 1357 4364 ita
1370 4327 1432 4365 cero

105 4405 168 4449 esret
180 4397 328 4452 Cremonae
347 4397 517 4458 incendium,
536 4393 656 4447 nonnuiii
684 4398 747 4444 tuuc
782 4393 880 4446 contis
899 4405 950 4444 aon
964 4395 1014 4444 crit
1024 4392 1144 4451 scurrile,
1156 4391 1203 4444 red
1216 4392 1308 4443 eeciitc
1321 4392 1433 4444 iorrnuta

104 4475 264 4542 interpretur
276 4481 340 4530 siut.
358 4477 393 4530 at
408 4475 560 4530 rerorcrba
574 4477 630 4538 iper
648 4472 746 4524 nullom
783 4485 918 4527 serrorum
936 4473 981 4522 tali
1000 4473 1027 4522 tn
1046 4471 1203 4537 reginerus
1222 4473 1316 4525 mellus
1329 4472 1433 4524 calleci·

104 4560 206 4611 omniuo
236 4561 300 4611 tuest
335 4564 382 4610 aut
417 4559 546 4608 minarum
579 4553 748 4618 eiqnlticatto·
785 4553 846 4607 cudi
871 4563 930 4605 sese
959 4553 1140 4603 creusantium
1170 4557 1249 4615 atque
1277 4554 1329 4604 cito
1358 4551 1432 4614 plora

104 4645 159 4688 neor
182 4637 327 4701 praelicat,
353 4649 422 4704 quse
444 4648 508 4689 sane
533 4639 682 4697 requireret
705 4629 747 4684 rel
784 4634 853 4700 ligna
882 4631 1034 4684 iornaeibua
1061 4633 1272 4692 inserentium·
1307 4632 1431 4685 ceterum

105 4713 204 4782 econ,
232 4717 355 4780 lureiicr,
386 4723 416 4770 ut
439 4717 527 4768 stetim
546 4713 747 4772 incalescant.»
784 4717 811 4767 iu
832 4714 948 4764 tireureu
972 4710 1141 4762 trsnscrtbam
1166 4710 1303 4764 ituruouiit
1322 4711 1433 4766 adnota-

103 4795 140 4846 rel
157 4797 278 4852 econio
296 4801 368 4862 ipsc,
393 4801 524 4849 utstatim
553 4793 745 4850 incalescente:
783 4797 893 4845 tionem·

105 4883 196 4940 secun
215 4881 237 4931 si
254 4881 370 4931 Autome
389 4876 552 4930 tribuuntur.
573 4877 600 4925 tu
618 4874 651 4924 iis
668 4871 747 4923 rideo
819 4871 863 4923 ³8.
882 4871 952 4934 ipsos
967 4873 1101 4933 postremo
1117 4865 1272 4933 direptores}
1295 4869 1365 4922 Telis
1389 4871 1432 4924 illc

105 4956 243 5021 quidquem
259 4959 369 5013 mite.
389 4957 491 5014 idest,
510 4961 539 5006 ut
557 4953 649 5008 roiuut
667 4953 746 5004 toter-
784 4958 811 5003 tn
830 4955 904 5012 cepte
924 4949 989 5000 urbe
1008 4948 1152 5011 descriptio
1171 4947 1327 5010 Quintilisut
1347 4950 1373 5010 8,
1393 4953 1429 5003 ec

106 5043 197 5099 irem,
216 5040 335 5092 scurrile.
364 5037 494 5101 Quocirca
520 5033 587 5086 lacto
607 5045 667 5085 curn
685 5033 747 5084 Fer·
784 5031 819 5082 iit
840 5036 936 5081 canoto
963 5029 1075 5078 retinere
1096 5026 1225 5089 insontem
1250 5039 1326 5080 ιιιιιιιι
1347 5035 1433 5082 noter

106 5111 171 5178 leto,
196 5117 357 5179 Bnruouflo,
383 5116 544 5178 linabuero,
563 5115 608 5178 qui
621 5113 745 5165 adnotate
784 5117 818 5172 et,
837 5108 918 5159 neoti
934 5107 1023 5158 motor
1040 5107 1156 5168 ιιοιιιιιι,
1182 5121 1275 5173 poqno
1298 5110 1369 5160 inter
1394 5113 1433 5162 oi·

107 5197 496 5261 «wirmilanorum.
526 5195 661 5247 renuitae
687 5193 746 5247 coci
784 5195 877 5242 etoree.
897 5187 973 5241 brae.
986 5211 1014 5226 -
1030 5183 1232 5254 truncobontsr]
1251 5188 1359 5244 sbsctstc
1378 5202 1433 5246 mc·

150 5289 248 5349 insitu.
265 5295 299 5352 ii.
1123 5284 1164 5350 ld
