3576 5880
485 416 605 487 nmen
625 415 682 483 111.
729 415 807 502 esp.
830 419 883 484 ae.
906 419 959 484 to.
983 419 1035 484 rr.
1059 419 1113 487 su.
1409 423 1468 500 ree

128 581 158 642 et
178 576 316 663 pecunia
332 577 499 644 ermenus
520 576 664 643 fortunae
684 575 855 644 novissima
875 575 986 644 libido.
1017 577 1154 646 adventu
1176 577 1303 646 demum
1325 579 1466 663 peditum

127 691 335 776 equitumque
353 687 493 772 pravitas
507 688 628 755 consilii
648 691 764 773 putuit,
789 692 864 776 quia
885 690 1072 758 accredere
1087 711 1144 778 per
1167 691 1274 758 bostes
1296 700 1358 758 tam
1373 713 1470 776 parva

126 821 221 871 uranu
247 808 391 886 poteret,
424 803 518 869 ctiam
541 804 568 868 ei
593 800 743 868 iidbrima
768 801 867 880 ieret,
901 823 959 870 nec
984 807 1137 891 integram
1165 803 1260 871 iidem
1290 805 1468 875 attulerant.

126 917 231 1000 patior
261 923 369 980 tamen
395 922 426 980 ei
446 913 620 1004 praesentis
648 914 736 990 ducis
765 917 943 984 reverentia
972 916 1173 996 morabatur,
1209 917 1292 987 haud
1323 920 1470 989 diuturna

125 1027 229 1099 vincla
250 1031 340 1112 aputi
360 1030 469 1096 avidos
490 1027 701 1115 periculorum
723 1036 756 1096 ct
776 1027 941 1098 dedecoris
963 1051 1100 1098 securos.
1123 1051 1162 1096 eo
1184 1041 1270 1098 metu
1293 1040 1324 1096 et
1343 1031 1490 1115 paucis„

125 1162 204 1230 quoe
226 1139 366 1208 adversa
387 1162 453 1212 nou
474 1149 688 1219 mutaverant,
715 1142 936 1210 comitantibus
958 1145 1103 1215 cohortos
1125 1144 1299 1212 Ariminum
1321 1146 1471 1231 praemit·

125 1255 179 1333 tir,
202 1256 292 1322 aiam
314 1255 395 1322 tueri
417 1263 503 1340 terga
523 1257 628 1322 iubet:
652 1257 721 1340 ipse
742 1256 833 1322 flexit
854 1257 886 1321 in
909 1255 1069 1322 Umbriam
1091 1264 1184 1343 atque
1206 1256 1279 1324 inde
1301 1260 1470 1338 Etruriam,

124 1367 180 1436 ubi
201 1368 335 1454 cognito
356 1388 479 1455 pugnae
500 1368 720 1436 Cremonensis
740 1377 855 1435 eventu
876 1389 941 1436 nou
962 1370 1108 1455 ignomin
1130 1377 1178 1446 ei,
1207 1369 1234 1436 si
1255 1373 1467 1456 provenisset,

125 1489 216 1548 atrox
239 1480 409 1548 consilium
431 1481 518 1556 iniit,
546 1489 580 1546 ui
601 1483 735 1567 arreptis
757 1480 889 1549 naribus
910 1483 943 1548 in
965 1502 1183 1568 quamcunque
1205 1490 1327 1567 partem
1349 1481 1469 1550 Narbo-

124 1595 232 1663 nemis
265 1592 448 1681 provinciae
479 1613 624 1678 egressus
653 1595 767 1662 Galliae
788 1602 820 1660 et
841 1597 998 1661 exercitus
1020 1604 1052 1660 et
1074 1599 1261 1663 Germaniae
1283 1605 1391 1682 gentes
1411 1617 1507 1664 no·ac

124 1727 267 1792 rumque
288 1703 405 1773 bellum
426 1709 533 1776 cieret
578 1706 638 1790 (ii)
659 1709 799 1792 digresso
815 1708 943 1776 Valente
957 1711 1099 1792 trepidos
1119 1713 1172 1795 qui
1190 1708 1366 1776 Ariminum
1384 1718 1470 1776 tene·

123 1819 215 1897 baut,
242 1820 410 1888 Cornelius
434 1823 567 1897 Fuscus,
596 1824 721 1888 admoto
745 1823 883 1888 exercitu
909 1831 940 1886 et
960 1821 1064 1887 missis
1088 1842 1146 1909 per
1169 1821 1313 1906 proxima
1337 1825 1468 1890 litorum

124 1931 322 2010 liburnicis,
346 1941 430 2000 terre
450 1933 593 2020 marique
615 1934 830 2000 circumvenit.
861 1943 1054 2020 occupantur
1074 1934 1165 2020 plana
1187 1935 1333 2003 Umbriae
1355 1943 1387 2001 et
1408 1957 1468 2022 que

124 2049 263 2116 Picenus
282 2065 358 2132 ager
378 2045 496 2113 Hadria
516 2045 652 2114 alluitur.
676 2047 841 2132 omnisque
862 2047 952 2112 ltalia
972 2049 1055 2113 iuter
1075 2049 1300 2134 Vespasianum
1315 2070 1351 2112 ac
1369 2050 1468 2114 Vitel-

124 2162 201 2229 llum
221 2160 383 2246 Apennini
405 2159 488 2244 iugis
514 2161 722 2226 dividebatur.
764 2159 880 2240 Fabius
909 2159 1023 2228 Valens
1051 2181 1069 2226 e
1096 2160 1167 2229 sinu
1196 2160 1310 2228 Pisano
1337 2161 1505 2248 segnitiae

124 2273 221 2339 marie
251 2281 307 2338 aut
333 2270 518 2338 adversante
544 2281 638 2338 vento
666 2279 791 2358 portum
818 2272 963 2339 Herculis
992 2275 1137 2340 Monoeci
1169 2273 1347 2358 depellitur.
1384 2272 1469 2342 band

124 2385 239 2472 procul
260 2382 335 2452 inde
355 2388 468 2470 agebat
489 2389 608 2460 Marius
625 2389 765 2452 Maturus
779 2386 903 2472 Alpium
917 2386 1145 2454 maritimarum
1161 2396 1364 2473 procurator,
1387 2386 1469 2453 iidus

124 2498 272 2580 Vitellio,
303 2499 392 2564 cuius
416 2505 645 2569 sacramentum
666 2503 785 2566 cunctis
810 2501 893 2566 eirea
918 2497 1083 2566 hostilibus
1108 2503 1248 2567 noudum
1269 2509 1410 2573 exuerat,
1443 2500 1470 2570 ia

195 2674 225 2724 A·
245 2667 399 2724 reuerentib
415 2671 454 2722 ii.
487 2697 520 2709 -
550 2671 576 2724 5.
605 2683 634 2722 eo
661 2675 731 2722 metu
749 2699 761 2712 ·
778 2697 788 2708 ·
808 2673 941 2723 Umbriam
959 2673 1005 2724 iti:
1038 2685 1066 2723 eo
1093 2675 1162 2723 metu
1188 2673 1305 2724 eeiorier
1322 2673 1471 2725 Ariminum

121 2745 295 2810 nmen.
314 2743 387 2794 elom
403 2743 473 2792 tueri
491 2750 567 2806 terpo
584 2743 656 2794 iubet
666 2745 746 2806 ,gipes
763 2745 872 2807 paucis,
903 2757 969 2809 quos
988 2746 1101 2794 nucem
1116 2758 1171 2794 non
1186 2751 1373 2804 mutauerant,
1392 2749 1472 2796 comi·

123 2816 248 2866 rentibus
272 2813 348 2880 [iacit
373 2815 401 2862 in
428 2811 560 2864 [imbrium
587 2813 673 2865 deleto
691 2815 760 2864 'corn
778 2814 897 2866 Acidalio
914 2823 938 2867 ei
965 2823 1025 2866 ante
1044 2829 1067 2864 r.
1086 2815 1179 2876 paucis
1196 2815 1356 2876 verbisque,
1384 2817 1469 2867 utilit

124 2887 266 2948 placebat,
288 2885 450 2944 transpositis
470 2883 499 2934 it.
519 2907 553 2918 -
572 2883 598 2934 it.
619 2880 711 2933 euentu
728 2885 766 2935 ii.
791 2910 817 2922 ··
838 2885 864 2934 9.
884 2897 941 2936 arr.
961 2885 1007 2937 lle
1027 2885 1087 2934 cair.
1102 2886 1134 2933 it.
1150 2911 1180 2922 -
1201 2885 1362 2949 quomrripue
1378 2887 1417 2937 iti.
1439 2909 1468 2922 -

124 2956 299 3008 narbonensis
312 2955 350 3008 ti.
369 2979 395 2990 -
417 2954 461 3004 12.
478 2955 616 3016 prosimos
630 2955 667 3004 ii.
690 2980 720 2993 -
740 2956 849 3005 litorum
866 2956 916 3006 lie
934 2954 1053 3005 littorum
1065 2955 1096 3003 it.
1115 2979 1138 2994 -·
1163 2953 1206 3005 13.
1226 2963 1372 3018 occupetur
1384 2957 1422 3008 iti.
1438 2981 1467 2994 -
1559 2999 1561 3004 .

125 3026 169 3079 it.
190 3025 302 3077 Hadria
319 3023 432 3076 alluitur
449 3023 494 3076 iii:
513 3023 600 3074 Adria
619 3025 738 3075 uoluitur
757 3023 789 3074 it.
808 3051 840 3062 -
871 3027 913 3076 15.
933 3025 1091 3088 appenninis
1110 3023 1146 3074 ii.
1166 3023 1279 3076 Mutavit
1296 3026 1469 3077 Puteolanus.

125 3173 213 3230 ieret,
233 3177 414 3233 supermeant,
438 3169 544 3233 plorimi
563 3176 652 3222 autem
671 3182 718 3233 per
737 3171 783 3222 ad·
819 3172 883 3235 quio
902 3172 1038 3233 copiarum
1056 3173 1200 3222 etiamtunc
1219 3177 1276 3222 erat
1293 3173 1321 3221 in
1340 3169 1432 3222 Galliis
1444 3177 1471 3222 ct

124 3265 228 3304 versam
248 3250 380 3302 tartunam
398 3249 478 3299 iidem
497 3257 658 3310 mutassent,
688 3255 718 3301 ut
745 3255 781 3301 ita
819 3259 930 3314 utraque
951 3249 1111 3308 Germania,
1138 3252 1228 3301 tractis
1247 3251 1273 3301 iu
1293 3251 1391 3303 Vitellii
1411 3261 1469 3314 pat·-

125 3333 276 3396 quidquam
296 3341 357 3380 cum
376 3329 472 3382 ooueia
492 3333 610 3394 incipere
639 3333 780 3394 nequiret,
819 3338 857 3383 ter
874 3334 952 3384 etiam
973 3331 1136 3381 Germanicia
1155 3331 1257 3394 aliquot
1275 3331 1409 3396 gentibue.

125 3415 245 3464 cobortes
268 3407 419 3460 Ariminum
443 3411 593 3474 praemittit
626 3417 676 3462 eet.
706 3411 780 3473 Quae
1067 3407 1069 3414 ’

126 3505 188 3544 cum
216 3495 278 3552 spic
305 3489 480 3552 cohaereant,
513 3503 566 3541 uon
594 3492 691 3550 rideo,
717 3492 780 3553 quid
851 3491 895 3542 it.
917 3489 1052 3542 Cornelius
1067 3487 1174 3556 Fuscus]
1203 3490 1468 3553 conuenere.

125 3571 240 3623 Aciiaiii
260 3572 464 3632 transpositione
484 3572 627 3634 oponsius
655 3569 779 3624 Wacru.
819 3578 845 3622 et
862 3571 889 3629 2,
909 3571 952 3620 co.
975 3594 1003 3605 -
1026 3567 1148 3634 Picenus]
1169 3571 1470 3634 repiointerUmbriem

126 3650 294 3703 «Verborum
314 3650 419 3701 iliorum
438 3663 530 3703 sensus
543 3665 574 3702 aa
587 3650 617 3701 C.
632 3650 677 3701 io.
692 3659 779 3714 patet:
818 3657 926 3702 rimare
940 3651 1114 3710 Adriaticum,
1128 3656 1224 3702 tractus
1239 3653 1307 3702 circa
1322 3651 1468 3711 Anconam,

127 3730 194 3783 Cura
214 3729 311 3782 Valens
331 3730 418 3791 paulic
437 3737 497 3780 ente
517 3731 594 3780 ruodo
608 3732 688 3791 inune,
702 3732 780 3782 inodo
818 3731 942 3780 Firmium
962 3727 1090 3792 (Ferme),
1104 3730 1229 3782 Asculum
1242 3732 1369 3782 Picenum
1384 3732 1470 3784 direr-

127 3811 201 3864 tltuut
220 3824 252 3864 es
271 3809 413 3862 comitibus
432 3811 552 3869 audiret,
573 3816 676 3863 certum
696 3813 780 3864 conei-
816 3823 875 3860 sum
887 3810 921 3861 ab
933 3809 1030 3872 Apulo.
1048 3807 1165 3872 (Asculi).
1189 3835 1215 3850 -
1238 3813 1353 3875 ampitio
1372 3809 1468 3875 moris]

129 3891 192 3942 liuta
210 3903 299 3954 neque
318 3895 389 3952 cepit
407 3895 779 3953 oequeessecutuacst;iarn
818 3891 858 3942 Ob
879 3891 1096 3952 tranquilitatem
1116 3894 1211 3950 marie,
1238 3897 1321 3944 rantis
1340 3891 1396 3944 reia
1416 3903 1469 3942 oon

130 3983 200 4026 raro,
219 3972 312 4022 amicis
331 3970 437 4032 ottspsu
451 3982 511 4021 eunt
531 3983 583 4021 nou
603 3978 707 4031 essent,
735 3975 778 4032 qut
817 3969 995 4030 impietatibus,
1016 3982 1069 4021 ooo
1081 3982 1123 4028 ec,
1139 3983 1193 4031 quo
1207 3971 1322 4030 solebat,
1336 3973 1468 4032 peruenit,

131 4051 232 4106 tisana
250 4049 404 4110 euaderent,
424 4058 502 4112 rupta
515 4049 680 4102 dubitatione
693 4052 780 4100 medio
817 4051 861 4100 seo
875 4055 977 4100 tentum
988 4055 1014 4099 in
1026 4057 1130 4110 portum
1144 4051 1275 4103 iiercuiis.
1297 4052 1412 4106 verbero
1426 4053 1467 4100 de·

130 4138 233 4182 secutus
249 4144 297 4182 nac
315 4142 398 4181 nurus
416 4135 451 4182 ert
477 4132 543 4181 sctis
567 4145 614 4182 mc
640 4132 778 4192 procidit,
815 4131 924 4192 pellitur
935 4131 968 4180 ad
982 4130 1072 4182 ultima
1087 4131 1165 4182 morio
1179 4129 1309 4185 retertur:
1330 4131 1364 4182 sd
1379 4132 1468 4190 priore

132 4210 222 4262 ilio.
248 4217 314 4264 extr.
341 4211 462 4262 Rrrrsa.
494 4210 525 4260 V.
547 4210 661 4262 uduerm
689 4221 778 4262 auteur
816 4209 1464 4274 generateverbuminteiiipeniumestdiusan.

130 4291 243 4356 intellige
261 4293 374 4344 maxime
387 4291 563 4343 deiectionem
576 4290 665 4342 citreis
678 4291 780 4342 Raven-
817 4290 895 4340 vetut
921 4290 1081 4352 impertitur,
1107 4303 1160 4354 quo
1187 4293 1273 4342 minus
1301 4293 1327 4340 in
1356 4289 1467 4343 Gaiiiam

130 4375 209 4430 naua,
241 4371 497 4434 quaelicutteiam
516 4379 580 4420 tunc
600 4379 660 4422 note
679 4367 779 4428 otc„
817 4369 1014 4422 Narbonensem
1042 4375 1195 4431 perveniat,
1231 4372 1269 4420 uti
1301 4369 1465 4422 decreuerat.

130 4452 245 4502 nondum
265 4463 327 4502 rere
353 4451 442 4502 claues
466 4451 661 4502 Cremonensis.
682 4473 712 4486 -
739 4463 779 4500 co-
816 4451 885 4502 liud.
915 4449 1080 4512 aliorumque
1106 4450 1219 4502 suecitiu
1246 4449 1313 4501 maie
1343 4450 1468 4510 praetulit

128 4527 225 4594 bertse]
247 4530 304 4582 iiias
317 4536 369 4584 tres
382 4545 397 4580 a
410 4530 514 4582 Vitellio
529 4534 618 4580 missas
631 4531 779 4582 Ariminum
817 4530 976 4588 Oberiious;
990 4542 1020 4581 ea
1032 4533 1102 4580 cutm
1117 4537 1157 4580 est
1169 4532 1196 4579 in
1209 4534 1288 4580 rento
1298 4529 1464 4587 aduersante,

126 4611 282 4674 premittit,
301 4617 332 4662 ut
352 4622 398 4671 per
417 4611 467 4660 boc
484 4613 645 4672 praesidium
669 4608 780 4671 impetii-
817 4613 862 4674 nui
882 4610 1007 4671 particula
1027 4613 1072 4658 cut
1091 4612 1234 4670 opponitur
1250 4609 1386 4672 sepniiice,
1412 4622 1466 4660 ma·

128 4697 178 4750 ret,
198 4703 253 4754 ono
271 4692 357 4742 minue
375 4689 525 4742 Ariminum
545 4703 559 4741 a
579 4691 708 4743 Flauianis
736 4702 779 4740 oc·
816 4691 908 4748 iactae,
929 4701 997 4752 eoae
1016 4688 1153 4739 Veientem
1173 4691 1199 4738 ta
1218 4687 1261 4738 iiio
1281 4692 1357 4749 porto
1371 4690 1467 4739 retine·

130 4781 280 4835 caperetur,
301 4777 326 4821 ct
345 4773 401 4832 ipse
413 4771 488 4837 {iecit
500 4775 528 4822 in
543 4771 685 4827 Umbriam,
699 4771 778 4820 bomo
817 4771 879 4825 bat:
899 4777 926 4822 et
946 4777 1052 4830 propter
1075 4770 1140 4819 bane
1153 4772 1236 4830 ipsam
1252 4768 1404 4830 particulam
1419 4783 1465 4831 pro

129 4854 213 4904 orasis
231 4850 335 4906 concilii
355 4863 446 4911 aspere
465 4859 492 4902 et
509 4852 645 4902 adulteriis
670 4852 778 4912 stupris·
816 4847 849 4902 ἓν
866 4845 915 4900 διὰ
931 4846 1014 4900 δυοῖν
1034 4849 1142 4898 minime
1162 4847 1285 4910 erpiireri
1306 4856 1394 4910 posset
1409 4863 1465 4900 scs-

128 4946 178 4996 ιιι
197 4930 313 4984 iniamie·
339 4929 427 4982 Arca.
448 4954 481 4967 -
508 4932 532 4980 ss'
556 4928 738 4993 praececisset]
757 4930 778 4980 ei
816 4929 976 4980 citiomoria
990 4933 1118 4978 eremius
1133 4928 1269 4978 aduersus.
1284 4951 1320 4966 -
1333 4926 1463 4994 Monoeci]

129 5024 252 5075 prospere
275 5013 464 5072 successisset,
490 5016 519 5064 ut
537 5013 568 5062 A.
589 5012 623 5070 1,
651 5009 704 5060 ii:
733 5009 780 5060 uir¹
817 5015 907 5070 portus
927 5008 1047 5070 Liguriae
1067 5019 1127 5057 cum
1147 5008 1244 5068 templo
1264 5010 1361 5069 beroia,
1382 5008 1462 5062 bodie

124 5093 214 5157 primu
229 5090 423 5157 prominent.
444 5115 475 5128 -
494 5095 519 5144 ei
535 5087 674 5154 mercius]
702 5090 779 5154 quti-
816 5086 941 5141 Mc'msce.
963 5109 992 5122 =-
1020 5086 1124 5140 Moriar
1143 5083 1288 5153 Maturus]
1308 5087 1360 5140 Cir.
1377 5089 1403 5150 A,
1418 5089 1462 5140 it.
