3576 5882
357 485 420 552 616
715 482 906 551 CORNELII
926 479 1061 548 simul
1080 479 1358 548 fflsuonmnuu

357 641 410 702 ἀπ’
429 637 607 722 ἀνθρώπων
629 641 773 722 ἀναγνῶν
798 637 853 701 καὶ
871 639 1045 715 duduconis,
1071 637 1247 720 ἐκβαλόντα
1270 634 1385 705 αὐτοὺς
1405 638 1440 698 ἐκ
1460 643 1522 700 τῶν
1549 640 1635 718 ἱερῶν
1652 649 1685 708 εἰς

356 725 649 808 τὸπουςὲρήμοιςκ.
660 747 689 786 τ.
703 729 728 787 λ.
767 726 840 787 Cum
855 728 948 786 Taciti
968 729 1065 786 verbio
1085 744 1118 782 ιιι
1138 743 1223 799 quon
1240 727 1352 784 1166666
1364 727 1539 786 imaeue·
1554 743 1630 799 open
1639 732 1684 786 eet

356 813 566 887 quadamtenus
592 813 747 874 concinunt
776 813 849 872 baec
875 812 1060 885 Lysimachi:
1101 815 1240 883 Μωυσῆν
1270 808 1568 890 παρακελεύσασθαι
1597 809 1685 878 αὐτοῖς

355 900 432 975 μήτε
447 896 623 976 ἀνθρώπων
637 895 697 958 τινὶ
717 897 893 974 εὐνοήσειν,
912 897 990 976 μήτε
1009 893 1125 976 ἄριστα
1143 893 1392 975 συμβουλεύσειν,
1412 892 1492 953 ἀλλὰ
1507 892 1547 955 τὰ
1560 895 1685 974 χείρονα,

355 983 439 1044 θεῶν
458 1001 489 1040 τε
509 979 604 1048 ναοὺς
622 979 677 1042 καὶ
691 983 832 1064 βωμούς,
861 978 903 1048 οἷς
922 983 964 1042 ἂν
981 980 1203 1058 περιτύχωσιν,
1231 980 1425 1056 ἀνατρέπειν.
1465 978 1498 1037 ld
1518 985 1616 1039 autem
1632 998 1685 1054 pcr-

356 1153 519 1224 getienibus
537 1153 657 1224 Hitzigii
679 1153 838 1228 (9111161661
857 1170 885 1227 p.
902 1151 979 1226 170.)
999 1150 1108 1224 hloysia
1128 1151 1347 1221 emigrationem
1367 1152 1518 1222 assignant
1536 1167 1614 1210 anne
1632 1157 1685 1210 ante

356 1238 424 1297 (ihr.
455 1236 558 1309 1199,
594 1239 674 1297 66116
700 1240 840 1297 rationem
859 1238 1129 1312 Lysimachianam;
1162 1238 1305 1310 siquidem
1332 1236 1489 1296 bocchoris
1516 1238 1619 1295 unione
1643 1253 1684 1294 rea

355 1323 505 1397 dynastiae
524 1323 680 1382 vicesimae
693 1329 812 1399 quartae
831 1341 859 1380 a.
874 1326 942 1380 aete
955 1322 1024 1381 Chr.
1039 1321 1199 1382 769-790,
1221 1323 1350 1396 (Buusen
1360 1321 1498 1394 Acqyptea
1506 1320 1560 1378 111.
1576 1339 1606 1394 p.
1619 1321 1683 1392 118,

305 1457 322 1476 .,
355 1413 457 1468 contra
473 1425 502 1467 e.
522 1407 694 1468 795-790.
715 1409 815 1468 11661111
835 1407 965 1468 eumue
985 1424 1014 1478 p.
1030 1405 1109 1480 393.)
1129 1409 1159 1464 16
1179 1407 1251 1464 urhe
1271 1405 1319 1463 Sei
1339 1408 1428 1465 tartur
1447 1423 1611 1481 regnasse,
1632 1425 1684 1467 euru

354 1493 511 1567 1611116666
531 1495 694 1567 Aegyptum
713 1511 765 1567 per
785 1496 975 1568 qnadraginta
999 1508 1092 1550 annos
1111 1494 1165 1549 sub
1185 1492 1356 1550 Sehbaeene
1376 1509 1428 1550 sue
1449 1497 1619 1564 tenuerunt,
1646 1495 1683 1567 qui

355 1577 519 1640 Bocchorin
532 1581 609 1654 cepit
620 1583 776 1654 vivumque
789 1582 943 1645 cremavit,
958 1579 1113 1636 discrimen
1126 1579 1271 1648 igiturest
1284 1593 1427 1637 annerum
1437 1579 1552 1636 circiter
1561 1578 1682 1638 ocull.

356 1663 415 1724 Gir.
435 1664 460 1722 1.
481 1665 551 1736 uec.
573 1665 608 1736 6,
630 1666 678 1732 t..
702 1667 748 1726 ubi
769 1669 956 1724 numerantur
976 1665 1046 1721 anni
1059 1661 1271 1722 cccclxxx.
1293 1665 1330 1720 ah
1349 1665 1429 1722 exitu
1447 1664 1639 1722 lsraititarnm
1655 1679 1684 1720 er

353 1750 487 1824 Aegypto
507 1766 598 1825 usque
617 1751 654 1807 ad
672 1752 820 1810 conditum
838 1767 856 1808 a
870 1751 1025 1808 Salomone
1039 1749 1187 1821 temptum.
1209 1747 1247 1804 At
1258 1747 1405 1806 Bdckhius
1419 1748 1561 1822 (11666116
1573 1767 1601 1823 ρ.
1617 1748 1682 1821 tae.)

354 1834 409 1896 hec
440 1836 651 1904 testimouium,
680 1838 758 1909 qued
778 1841 874 1895 tamen
894 1839 961 1907 post
977 1834 1133 1906 losephum
1154 1833 1251 1907 (ibid.)
1268 1835 1445 1893 inculcatum
1463 1849 1530 1893 esee
1549 1835 1645 1908 nequit
1660 1835 1684 1891 in

354 1925 522 1980 contextum
541 1921 717 1980 llebraioum
736 1927 766 1980 et
785 1923 946 1981 versionem
971 1922 1032 1976 τῶν
1052 1925 1086 1986 d,
1115 1934 1168 1976 sno
1195 1919 1352 1990 arbitratu,
1381 1924 1413 1976 nt
1437 1925 1604 1994 suspectum
1629 1919 1684 1978 reli·

354 2009 452 2076 aiens,
473 2005 666 2065 celestinum
684 2009 864 2081 tlartyrem,
885 2007 1056 2074 Tatiannm,
1077 2005 1258 2063 Clementem
1276 2005 1509 2066 Alexandrinum
1530 2006 1641 2081 (Siron.
1661 2004 1683 2073 t,

354 2091 409 2161 91,
431 2089 509 2164 191.)
529 2096 666 2162 secutus,
688 2095 797 2151 exitum
816 2095 899 2152 ilium
918 2095 1006 2150 retert
1023 2092 1060 2148 ad
1079 2107 1106 2148 a.
1129 2090 1213 2148 1667.
1236 2093 1302 2147 ante
1323 2090 1411 2162 Che,
1432 2093 1474 2150 ita
1493 2096 1526 2150 ut
1543 2091 1684 2150 discrima

355 2179 430 2236 teret
449 2193 590 2236 annorum
609 2179 725 2236 circiter
743 2178 906 2238 DGCGCX.
945 2177 1053 2236 llbller
1071 2193 1101 2249 p.
1122 2175 1188 2232 916.
1215 2191 1332 2234 causam
1361 2180 1460 2234 tantae
1484 2178 1683 2249 discrepantiae

356 2263 469 2336 quaerit
487 2263 518 2319 in
532 2261 740 2336 Aegyptiorum
752 2265 861 2322 invidia
876 2265 1016 2322 adversus
1027 2262 1171 2331 ludecen,
1192 2278 1249 2337 qua
1262 2265 1461 2322 transuersum
1474 2265 1551 2334 acti,
1570 2265 1682 2322 6666616

357 2354 424 2407 ante
438 2350 507 2408 Chr.
524 2351 624 2406 secuto
642 2349 822 2422 inceperint,
844 2349 939 2423 quoad
959 2349 1021 2406 eine
1042 2347 1105 2406 fleri
1124 2351 1241 2419 posset,
1262 2348 1424 2420 deprimere
1438 2354 1527 2425 atque
1541 2353 1682 2410 661666116

356 2435 555 2509 antiquitatem
575 2436 669 2505 gentis
688 2435 813 2493 invisas.

429 2575 530 2634 Altera
549 2593 615 2648 pars
635 2577 671 2633 de
689 2574 799 2648 hloysis
818 2577 1026 2648 emigratione,
1048 2575 1143 2634 varios
1162 2591 1215 2650 per
1233 2577 1341 2634 rivulos
1360 2578 1397 2634 ad
1411 2575 1544 2635 Tacitum
1561 2577 1680 2646 deducta,

354 2663 513 2734 repetenda
532 2667 576 2720 cet
594 2677 628 2719 er
646 2661 848 2733 Marathonis,
878 2665 927 2735 qni
954 2662 1025 2720 vixit
1050 2661 1103 2720 sub
1132 2663 1301 2720 Ptolemaeo
1324 2661 1535 2736 Philadelpho,
1565 2665 1681 2737 primitus

355 2743 464 2820 duplici
484 2751 666 2821 narratione,
687 2749 779 2807 altera
799 2750 835 2806 de
855 2747 960 2822 liyesis
981 2747 1056 2820 apud
1076 2747 1231 2822 losephum
1251 2765 1277 2806 o.
1298 2749 1355 2822 Ap.
1380 2748 1416 2820 l,
1438 2746 1484 2806 11.
1495 2791 1504 2821 ,
1526 2749 1680 2819 1166616,11

354 2832 402 2892 hic
429 2834 498 2892 dieii
525 2834 557 2894 C.
590 2835 642 2892 16:
676 2833 710 2894 έκ
738 2837 798 2893 τῶν
823 2830 996 2900 ἁδεσπὸτως
1024 2832 1324 2912 μυθολογουμένων,
1355 2834 1387 2890 16
1412 2849 1469 2908 qua
1488 2835 1570 2892 nulla
1585 2833 1679 2907 lloysis

353 2913 483 2987 meutio;
513 2919 605 2979 altera
631 2920 665 2978 ἐκ
690 2921 752 2978 τῶν
772 2917 846 2998 παρ’
872 2917 1045 2997 Αἰγυπτίοις
1072 2923 1288 2998 γραμμάτων,
1318 2919 1350 2977 in
1369 2935 1427 2994 qua
1447 2921 1484 2980 do
1503 2922 1601 2995 Moyse
1618 2919 1679 2976 hace

354 3005 508 3078 leguulur:
529 3004 646 3085 λέγεται
658 3002 708 3076 δέ,
728 2999 775 3062 ὅτι
788 3000 844 3078 τὴν
856 3001 1010 3061 πολιτείαν
1023 2999 1079 3061 καὶ
1097 3000 1170 3070 τοὺς
1182 3002 1296 3088 νόμους
1316 3002 1422 3070 αὐτοῖς
1441 3003 1678 3085 καταβαλόμενος

353 3089 465 3168 ἱερεύς,
484 3086 520 3147 τὸ
535 3089 620 3168 γένος
629 3088 855 3161 Ἡλιοπολίτης,
874 3084 975 3165 ὄνομα
993 3087 1169 3164 Ὀσαρφίφ,
1189 3084 1321 3150 ἀπὸτοῦ
1343 3087 1375 3147 έν
1392 3087 1495 3147 Ἠλίου
1516 3088 1597 3148 πόλει
1614 3089 1677 3148 θεοῦ

347 3171 505 3252 Ὀσίρεως,
525 3177 565 3240 ὡς
578 3175 691 3254 μετέβη
708 3181 750 3240 εἰς
769 3177 860 3234 τοῦτο
876 3171 911 3230 τὸ
930 3171 1033 3250 γένος,
1051 3177 1202 3250 μετετέθη
1226 3169 1366 3254 τοῦνομα
1389 3169 1444 3232 καὶ
1456 3173 1675 3254 προσηγορεύθη

356 3261 501 3334 Μωυσῆς.
541 3260 717 3333 Theophilus
746 3261 784 3316 ad
812 3261 984 3332 Autolycum
1011 3259 1046 3330 3,
1066 3257 1114 3317 91.
1144 3275 1174 3331 p.
1204 3257 1291 3320 3991
1326 3259 1503 3326 Μαναιθῶς
1529 3256 1559 3319 δέ
1581 3262 1597 3318 ὁ
1620 3257 1674 3316 κατ’

356 3345 537 3425 Αἰγυπτίους
559 3341 657 3404 πολλὰ
679 3342 881 3422 ηλυαρήσας,
911 3339 955 3402 ’ἑτι
973 3340 1037 3421 μὴν
1057 3340 1112 3402 καὶ
1137 3339 1315 3424 βλάσφημοι
1341 3343 1451 3414 εἰπών,
1481 3345 1558 3404 ὥστε
1578 3342 1675 3406 Μυσία

352 3428 407 3490 καὶ
419 3427 491 3496 τοὺς
501 3427 558 3490 σὺν
568 3433 651 3503 αὐτῷ
660 3428 836 3506 Ἐβραίους,
851 3429 891 3494 ὡς
902 3427 997 3504 δῆθεν
1010 3423 1061 3486 διὰ
1076 3428 1190 3508 λέπραν
1202 3427 1410 3508 ἐκβληθέντας
1423 3427 1457 3488 ἐκ
1466 3431 1521 3504 τῆς
1531 3428 1675 3510 Λίγέπτου,

352 3514 500 3595 ποιμένας
522 3513 635 3582 αὐτοὺς
650 3510 810 3572 alamosenni
831 3513 992 3590 πολεμίους
1015 3513 1205 3589 Αἰγυπτίων,
1236 3512 1293 3591 οὐχ
1312 3512 1398 3592 εὗρεν
1420 3510 1455 3572 τὸ
1482 3513 1606 3595 ἀκριβὲς
1627 3513 1675 3570 τῶν

347 3599 473 3680 χρόνων
498 3599 598 3659 εἰπεῖν.
637 3600 772 3674 Sequitur
800 3597 983 3656 Chaeremon
1021 3596 1084 3670 [etr.
1112 3600 1208 3658 ldeter
1234 3600 1422 3672 Hermapien.
1463 3599 1578 3676 Lipsiae
1604 3596 1674 3658 teti.

351 3685 486 3760 Append.
507 3702 536 3758 p.
558 3685 624 3757 55„
654 3686 701 3743 ubi
731 3687 849 3742 effertur
868 3686 955 3742 etiem
977 3683 1099 3742 Cosmae
1120 3685 1326 3758 lndicepteuat.
1348 3685 1475 3758 Tepegr.
1497 3686 1601 3746 Christ.
1620 3685 1674 3742 xu.

351 3787 381 3843 p.
401 3767 469 3830 311.
490 3770 524 3829 l).
545 3770 601 3830 Ed.
622 3771 780 3830 Mentiauc.
820 3771 937 3828 Benace
957 3768 1094 3842 Aeqyptcn
1113 3771 1135 3827 l.
1156 3788 1187 3844 p.
1210 3769 1286 3845 198.)
1314 3771 1390 3844 apud
1411 3771 1569 3850 losepbnrn
1586 3789 1611 3829 e.
1628 3772 1674 3844 Ap.

352 3857 388 3928 1,
408 3855 464 3914 32:
486 3855 628 3934 ἡγεῖσθαι
649 3853 674 3914 rl'
693 3854 796 3916 αὐτῶν
808 3855 1012 3934 γραμματέως
1031 3857 1167 3930 Μωυσῆν
1186 3877 1217 3914 τε
1236 3853 1291 3914 καὶ
1312 3851 1479 3932 Ἰωσηπόν,
1506 3853 1562 3914 καὶ
1582 3858 1676 3916 τοῦτον

350 3939 618 4020 ἱερογραμματέα·
638 3939 788 4019 Αἰγύπτια
807 3939 837 3998 δέ
855 3939 960 4005 αὐτοῖς
982 3935 1124 4018 ὀνόματα
1144 3937 1240 4009 εἶναι,
1264 3941 1307 4013 τῷ
1327 3941 1387 4018 μὲν
1407 3943 1529 4026 Μωυσῇ
1552 3939 1676 4008 roceto,

351 4027 393 4099 τῷ
415 4023 445 4086 δὲ
460 4022 595 4100 Ἰωσήπῳ
618 4025 768 4098 ιιιτεσηφ.
808 4026 958 4082 Proximus
978 4026 1098 4098 scriptor
1122 4027 1170 4083 hic
1197 4027 1400 4084 memorandos
1425 4030 1471 4088 est
1489 4027 1627 4086 Diodorus
1650 4027 1675 4082 iu

351 4113 464 4182 Fragm.
485 4111 518 4168 l..
538 4107 586 4168 bl.
607 4114 636 4167 et
653 4110 701 4167 10.
721 4111 777 4168 Ed.
799 4109 870 4166 Lnd.
892 4110 1021 4167 Dinderl.
1037 4109 1074 4168 ll.
1097 4109 1314 4182 61116171,
1335 4113 1385 4186 qui
1403 4113 1474 4170 item
1493 4113 1532 4170 de
1551 4113 1676 4183 uitiligine

350 4199 541 4264 ludaeorum,
570 4196 679 4269 Moysis
698 4195 905 4266 emigratione,
937 4197 1070 4270 asieique
1090 4198 1165 4268 apud
1184 4197 1340 4270 populares
1360 4200 1438 4255 cuttu
1457 4203 1567 4258 narrat.
1614 4197 1676 4255 lure

349 4283 460 4354 inspice
474 4281 645 4338 Strabonem
659 4280 691 4337 l..
709 4280 754 4337 16.
775 4298 804 4353 p.
820 4281 905 4350 766,
927 4280 976 4354 qui
995 4281 1064 4336 item
1085 4282 1170 4338 tradit
1189 4297 1206 4338 a
1224 4283 1325 4356 Moyse
1345 4299 1380 4340 ex
1397 4285 1531 4359 Aegypto
1551 4285 1674 4343 deductos

350 4382 415 4424 esse
439 4366 563 4425 ludaeos
589 4367 621 4423 in
647 4365 852 4422 Palaestinam.
889 4366 1002 4436 agmen
1022 4366 1139 4423 claudat
1163 4367 1274 4438 Trogos
1293 4369 1446 4442 Pompeius
1472 4371 1537 4429 sive
1562 4371 1674 4426 lustinus

348 4455 405 4525 96,
426 4452 478 4524 2.,
509 4453 557 4510 661
582 4453 619 4508 de
644 4451 752 4524 Moysis
781 4451 883 4507 itinere
910 4467 962 4522 per
988 4451 1104 4508 deserta
1125 4452 1263 4510 Arabiae.
1304 4451 1418 4510 Cellate
1442 4458 1540 4513 autern
1564 4453 1674 4526 losepho

347 4541 379 4598 in
397 4539 434 4596 Α.
454 4538 478 4596 l.
499 4540 534 4608 t,
554 4537 589 4608 7,
609 4537 639 4593 9.
660 4541 690 4594 61
710 4537 742 4608 1,
765 4535 828 4602 16.,
848 4537 917 4593 item
937 4541 1035 4593 centra
1054 4538 1110 4608 hp.
1127 4537 1165 4606 9,
1185 4537 1233 4604 7.,
1255 4539 1406 4609 probabile
1425 4539 1457 4595 61
1476 4541 1674 4612 7163661666-

347 4625 471 4683 anteisse
489 4623 526 4680 de
545 4623 632 4680 rebus
651 4622 775 4680 ludaicis
795 4621 998 4691 Posidonium,
1028 4621 1176 4681 Nicolaum
1194 4626 1407 4682 Damascennm
1436 4628 1467 4682 et
1484 4625 1671 4688 Alexandrum

246 4714 249 4723 ²
346 4708 566 4782 Polyhisterem.
605 4708 721 4776 liestat,
742 4711 772 4763 nt
792 4710 925 4765 notemus
945 4711 1071 4768 extrema
1090 4709 1175 4766 huius
1195 4710 1296 4781 capitis
1316 4712 1486 4768 1616166661
1508 4709 1668 4772 iterem

346 4798 459 4867 ceptione
485 4798 541 4852 eet.
563 4796 592 4852 et
618 4793 721 4850 lustini
740 4795 761 4850 l.
784 4794 804 4849 t.
825 4791 933 4866 Μαρια
952 4803 1070 4852 mentem
1088 4793 1193 4868 Syenen
1212 4801 1343 4866 occupet:
1370 4813 1424 4868 qne
1452 4805 1553 4869 septena
1578 4798 1670 4856 11161111

347 4881 449 4936 utente
473 4897 523 4952 per
547 4882 652 4940 deserto
670 4879 792 4945 11661116
817 4881 950 4953 Immotos
975 4899 1036 4938 eom
1065 4885 1173 4940 tandem
1191 4883 1321 4948 66616161,
1341 4881 1530 4955 probabiliter
1548 4877 1669 4940 611611-

347 4966 434 5028 donie
453 4968 540 5039 petita
561 4981 646 5037 esse,
680 4967 730 5038 qui
757 4967 793 5023 ab
820 4967 981 5038 antiquiore
1007 4969 1071 5026 sine
1098 4969 1183 5026 dubio
1210 4971 1326 5026 auctore
1350 4968 1485 5026 inductus
1502 4967 1605 5042 hleysis
1619 4965 1666 5022 iter

347 5052 508 5110 contuderit
526 5067 591 5110 eum
609 5051 756 5125 'typhonis
776 5052 843 5121 toga
863 5055 975 5125 septem
994 5070 1046 5127 per
1065 5054 1127 5112 dies
1153 5055 1338 5126 continuata,
1372 5054 1409 5111 de
1436 5067 1493 5126 qua
1510 5049 1661 5112 Plutarchus

346 5138 383 5196 de
401 5137 441 5197 ts.
462 5137 561 5196 6166.
582 5136 649 5208 61,
678 5151 765 5208 quern
784 5137 880 5197 iocum
899 5139 936 5196 ad
956 5137 988 5198 6.
1009 5137 1038 5198 9
1060 5137 1277 5212 exscripsimus.
1316 5141 1364 5202 lix
1382 5139 1486 5202 eadem
1511 5135 1658 5200 6611611111
