3576 5882
523 471 643 538 anna
664 469 718 538 tv.
764 467 1071 556 cipreseas.
1421 475 1485 542 aar

137 627 282 716 exposui
304 628 417 715 volgus
438 630 578 697 aversari
591 649 720 716 regem,
742 629 883 698 invidere
898 632 1060 718 Aegypto,
1084 629 1146 698 sibi
1164 637 1305 698 metuere
1320 632 1486 716 templum·

138 760 202 828 quo
226 741 472 810 circumsedere.
510 743 613 811 maior
633 743 706 810 hinc
728 741 813 810 sama
833 743 963 810 tradidit
980 747 1076 810 ¹deum
1108 745 1211 832 ipsum
1232 747 1378 832 adpulsae
1399 747 1486 812 litori

136 853 229 922 uarie
262 863 374 944 sponte
403 855 632 924 conscendisse.
673 859 788 923 mirum
818 855 892 923 inde
922 859 1025 934 dictu,
1059 859 1153 924 tertio
1176 857 1227 924 die
1250 865 1367 924 tantum
1390 861 1486 925 maris

136 971 262 1034 emensi
284 970 505 1036 Alexandriam
527 969 739 1053 adpelluntur.
764 971 916 1056 templum
933 989 992 1055 pro
1015 969 1230 1056 magnitudine
1252 973 1340 1038 urbis
1362 981 1486 1038 exeun·

135 1092 224 1147 ctum
247 1081 319 1149 loco
342 1085 393 1148 cui
414 1102 530 1148 nomen
551 1082 710 1148 Rhacotis.
735 1079 838 1146 iuerat
858 1081 923 1146 illic
945 1083 1096 1148 sacellum
1119 1085 1264 1168 Serapidi
1285 1094 1379 1172 atque
1410 1084 1508 1152 Inidia

135 1195 314 1282 antiquitus
334 1204 502 1262 sacratum.
526 1193 604 1260 baec
626 1193 666 1260 dc
686 1193 808 1278 origine
831 1202 863 1258 et
883 1197 1014 1260 advectu
1037 1197 1089 1261 dei
1105 1195 1320 1264 celeberrima.
1342 1220 1401 1264 nec
1415 1219 1486 1266 sum

133 1311 271 1392 ignarus
292 1327 362 1374 esse
383 1307 536 1395 quosdam
557 1309 612 1396 qui
636 1308 780 1372 Seleucia
800 1309 882 1373 urbe
905 1307 1012 1394 Syriae
1033 1311 1187 1387 accitam,
1211 1320 1361 1395 regnante
1382 1311 1487 1378 Ptole-

134 1442 231 1488 maeo
254 1443 347 1510 quem
369 1419 462 1486 tertia
483 1429 568 1486 actas
589 1421 678 1498 tulit;
712 1421 766 1485 alii
787 1427 949 1486 auctorem
971 1423 1104 1487 eundem
1125 1422 1353 1502 Ptolemaeum,
1377 1423 1486 1491 sedem

135 1555 176 1600 ex
201 1555 268 1622 qua
289 1533 450 1601 transierit
468 1531 640 1618 Memphim
665 1529 853 1618 perhibent,
885 1532 1035 1600 inclutam
1064 1534 1139 1600 olim
1162 1545 1193 1602 et
1214 1539 1331 1604 vetera
1353 1539 1485 1627 Aegypti

134 1647 299 1716 columen.
338 1651 432 1714 deum
455 1645 559 1730 ipsum
581 1644 669 1711 multi
691 1644 928 1732 Aesculapium,
955 1650 1042 1731 qaod
1063 1646 1227 1717 medeatur
1249 1651 1351 1736 aegris
1372 1669 1524 1738 corpo-¹⁰

133 1763 248 1838 ribus,
273 1759 400 1848 qnidam
415 1759 538 1834 Osirin,
560 1757 811 1844 antiquissimum
824 1756 886 1824 illis
902 1756 1046 1842 gentibus
1061 1780 1196 1839 numen,
1220 1762 1363 1851 plerique
1378 1766 1485 1832 lovem

133 1885 170 1940 ut
191 1895 307 1942 rerum
328 1873 468 1940 omnium
490 1879 669 1959 potentem,
706 1870 833 1958 pluritm
855 1873 957 1938 Ditem
980 1881 1117 1959 patrem,
1152 1873 1328 1961 insignibus
1349 1895 1431 1963 qnae
1452 1880 1485 1943 in

133 1991 208 2076 ipso
232 1989 416 2062 manifesta,
437 1993 492 2051 aut
513 2005 571 2072 per
590 1982 738 2069 ambages
760 1985 947 2072 coniectent.

225 2099 292 2186 (85)
322 2103 363 2168 At
383 2101 580 2166 Domitianus
607 2099 832 2184 Mucianusque
861 2105 1029 2184 antequam
1057 2099 1189 2185 Alpibus
1217 2105 1485 2190 propinquarent,

132 2235 315 2303 prosperos
336 2233 441 2280 rerum
463 2214 497 2280 in
519 2212 665 2276 Treveris
688 2217 845 2296 gestarum
868 2213 993 2276 nuntios
1016 2232 1175 2298 accepere.
1198 2217 1368 2305 praecipua
1386 2219 1522 2286 ricto-as

132 2330 206 2396 riae
229 2327 309 2396 fides
332 2330 396 2393 dux
418 2324 557 2392 hostium
580 2323 780 2400 Valentinus,
802 2343 1001 2410 nequaquam
1024 2327 1147 2392 abiecto
1170 2329 1293 2408 animo,
1319 2353 1400 2418 quos
1421 2332 1487 2418 spi·

132 2445 219 2508 ritus
242 2441 405 2526 gessisset,
427 2437 515 2504 voltu
529 2437 663 2502 ferebat.
685 2439 809 2501 auditus
825 2434 899 2502 ideo
921 2444 1040 2503 tantum
1064 2446 1099 2503 ut
1120 2451 1305 2509 nosceretur
1325 2445 1486 2529 ingenium

133 2555 227 2632 eius,
262 2556 505 2639 damnatusque,
538 2549 744 2632 interipsum
766 2547 954 2634 supplicium
978 2554 1185 2634 exprobranti
1206 2555 1330 2622 cuidam
1352 2559 1487 2644 patriam

133 2672 209 2734 eius
237 2675 359 2753 captam
387 2666 549 2750 «accipere
571 2683 606 2727 se
630 2659 774 2726 solatium
793 2663 922 2726 montisc
947 2663 1120 2746 respondit.
1154 2669 1210 2732 sed
1224 2669 1386 2738 Mucianus
1401 2675 1486 2760 quod

133 2781 194 2850 diu
212 2779 437 2852 occultaverat,
460 2786 496 2842 ut
508 2795 619 2842 recens
634 2773 845 2861 exprompsit:
871 2774 1038 2858 cqnoniam
1053 2778 1244 2862 benignitate
1260 2779 1354 2849 deum
1369 2782 1525 2858 fractuosa

132 2894 282 2974 hostium
310 2895 393 2958 vires
423 2889 549 2966 forent,
587 2907 695 2974 parum
725 2889 841 2952 decore
867 2886 1079 2954 Domitianum
1110 2892 1252 2958 conlecto
1281 2914 1381 2982 prope
1403 2894 1486 2964 bello

210 3049 240 3100 1.
260 3047 402 3098 adasrsmi
418 3045 455 3096 tt.
476 3043 594 3095 Correalt
606 3040 739 3092 Muretus.
755 3065 784 3078 -
805 3039 831 3088 2.
852 3041 1037 3092 circumsedere
1055 3043 1102 3093 ll:
1122 3045 1304 3098 circumsidere
1321 3048 1354 3100 ll.
1374 3075 1402 3087 -
1423 3052 1486 3114 adp.

132 3120 184 3172 lis
206 3131 274 3182 app.
294 3117 324 3167 ll.
342 3141 374 3154 -
404 3116 476 3165 litori
493 3115 538 3166 ll:
564 3113 649 3162 littori
667 3111 698 3162 ll.
720 3137 748 3148 -
770 3109 797 3158 ³.
816 3116 903 3161 tutam
920 3109 956 3160 lt.
980 3138 1007 3149 -
1029 3112 1056 3162 d.
1075 3114 1138 3176 adp.
1160 3115 1206 3167 ll:
1226 3129 1290 3180 app.
1309 3118 1340 3168 ll.
1365 3145 1397 3156 -
1417 3129 1485 3173 exer,

131 3191 174 3242 nt.
200 3215 233 3226 -
253 3191 279 3240 5.
300 3187 328 3236 dt
347 3201 405 3238 curn
425 3187 472 3236 ltn.
492 3187 529 3234 lt.
546 3208 575 3219 -
594 3182 621 3232 t.
639 3181 771 3244 ptolomeo
788 3180 828 3232 nt.
848 3205 879 3217 -
909 3181 936 3230 il.
954 3181 1114 3244 ptolomeum
1131 3186 1169 3237 ll.
1191 3211 1221 3223 -
1252 3187 1278 3238 1.
1301 3189 1388 3241 llabet
1405 3192 1486 3242 iacta·

133 3267 197 3312 raas
217 3260 245 3309 b.
266 3260 283 3308 Ι.
305 3258 341 3309 li.
371 3279 402 3294 -
431 3257 475 3306 11.
496 3267 574 3319 puepr
600 3250 638 3303 11.
661 3277 689 3290 -
722 3253 766 3303 it.
796 3251 882 3302 tlabet
910 3252 1027 3302 Treveris
1046 3255 1072 3304 ts.
1094 3256 1110 3305 l.
1130 3257 1168 3308 ti.
1195 3283 1224 3295 -
1250 3263 1421 3325 acceperant,
1439 3263 1486 3314 sed

134 3332 248 3383 ltsterae
266 3337 315 3380 aas
332 3330 439 3393 punctis
458 3334 564 3377 notatas
582 3331 609 3375 et
627 3335 759 3386 superior.
779 3337 792 3374 s
809 3322 845 3374 ll.
867 3347 897 3360 -
917 3322 960 3374 itt.
981 3325 1110 3375 romeiam
1128 3327 1167 3378 tt.

134 3459 423 3538 asotlaitpov⁰'liaba
440 3463 604 3514 Σινωπίταο
622 3455 693 3524 Διὸς
709 3454 797 3526 μεγά-
833 3457 919 3508 l’rotr.
937 3471 964 3520 p.
977 3459 1022 3510 11.
1048 3467 1087 3512 est
1105 3461 1222 3516 isidorus
1237 3461 1374 3532 «pedraca
1398 3493 1426 3506 -
1446 3481 1487 3520 re·

134 3547 209 3600 2020
234 3542 401 3615 μέλαθρον,
426 3543 535 3614 Χρυσῷ
559 3539 691 3607 τιμήεντα
714 3553 797 3590 aesa-
834 3544 933 3600 pacate
950 3537 1112 3605 Ptolemaeo]
1131 3545 1273 3608 Euergete,
1293 3560 1318 3598 a.
1343 3555 1404 3602 ante
1422 3549 1485 3601 Cbr.

135 3627 267 3692 σμένον.
286 3618 398 3676 Oiliade
410 3621 524 3674 ἐκείνου
539 3618 623 3686 Neptis
641 3617 673 3670 ἐν
685 3613 797 3690 civbpm'·
834 3617 985 3668 Sil-22².
998 3641 1027 3654 -
1039 3633 1087 3684 per
1100 3621 1231 3690 amoapes]
1252 3628 1362 3689 iusignia
1375 3628 1415 3680 vel
1427 3643 1487 3692 spa·

135 3719 228 3758 sosas
245 3698 391 3772 θειότερον
408 3695 498 3754 ἄλλον
523 3696 609 3752 ἴδοιο.
647 3697 749 3760 Quibus
771 3699 796 3746 tn
836 3699 903 3748 ctem
919 3701 975 3749 eius
985 3701 1190 3766 perallegoriam
1202 3703 1243 3755 vel
1253 3706 1395 3769 symbolica
1409 3712 1487 3761 ratio·

135 3783 280 3836 serstcults
299 3782 350 3832 boc
375 3784 486 3831 martme
514 3777 796 3834 antmadrcrtendum,
835 3791 867 3828 ne
878 3777 1041 3840 explicando.
1053 3779 1158 3834 bosan.
1180 3785 1296 3849 insignia
1311 3793 1399 3840 autem
1410 3788 1487 3840 Sere.

139 3862 303 3924 Serapidem
327 3855 490 3934 διαῤῥήδην
515 3860 604 3910 loram
634 3862 730 3910 vocari.
767 3879 796 3892 -
835 3857 1485 3923 ptdisCerberusetdracoaallatera,modiustn

136 3943 269 3996 sacellum
296 3940 421 4003 Serapidi
447 3947 527 4005 aigae
554 3935 629 4001 laidi]
656 3937 798 3988 lituatrartt
835 3940 932 3999 capite,
945 3937 1024 3989 tatum
1039 3940 1218 4006 mittamque
1230 3945 1486 4014 utPlutoinrolutns

137 4025 217 4076 nune
236 4021 326 4072 locum
345 4026 485 4082 propterea
504 4019 700 4077 obscuriorem,
727 4015 797 4080 qnod
836 4025 886 4070 est.
910 4016 999 4081 (Apud
1010 4018 1187 4074 VatttantNN.
1201 4022 1256 4076 Cot.
1267 4025 1303 4074 ll.
1315 4041 1342 4088 p.
1352 4028 1397 4076 12.
1411 4041 1487 4079 nnm-

139 4111 208 4168 past
225 4103 330 4167 longum
344 4105 521 4153 narrationem
535 4099 568 4151 de
582 4098 709 4160 Serapide
724 4097 798 4158 quast
837 4099 1486 4166 musCsrscaliaeSinopenslslaaemllttemesbi-

140 4185 198 4234 deo
222 4189 301 4233 antea
325 4183 413 4244 ignoto
437 4179 570 4242 Aegyptiis
597 4183 624 4229 et
646 4192 676 4228 es
700 4175 799 4236 Sinope
837 4180 1487 4248 bettniecttsterntocubantemcapttecalatbooc·

141 4265 261 4316 adrecto
280 4274 362 4324 prope
381 4262 459 4310 ulmis
476 4261 588 4322 abrupte
608 4263 735 4311 memoret
758 4266 798 4306 se·
836 4259 1486 4333 naso,aertreeqnttsmstnusranasum.ornest

141 4340 635 4404 eettnmetoemanuquttasctcsmm‚
656 4337 800 4400 Gutgntaut
870 4339 915 4390 85.
945 4340 1131 4406 Domitianas]
1166 4343 1306 4407 Quomodo
1335 4346 1486 4400 Domitiano

141 4424 219 4487 apud
232 4423 405 4473 lturnoottum
420 4423 554 4481 ingeniose
567 4422 635 4470 inter
649 4431 677 4470 se
690 4418 799 4468 conius·
837 4427 945 4482 propter
961 4419 1028 4471 banc
1042 4423 1242 4490 'expeditionem
1261 4426 1384 4478 adulatus
1396 4430 1430 4476 stt
1444 4428 1487 4478 lo·

141 4517 210 4570 gene
222 4516 263 4554 rr.
272 4501 356 4552 Tcettt
367 4513 426 4552 moa
439 4503 592 4562 sequentia:
613 4498 755 4549 aitisedem
767 4507 800 4544 ec
836 4499 934 4560 septus
952 4498 983 4547 a.
1003 4499 1063 4550 lud.
1082 4501 1150 4560 ’1,1,
1170 4502 1208 4560 1.,
1228 4504 1377 4557 ridebimus
1396 4509 1422 4558 1ο
1433 4508 1485 4561 tine

142 4599 202 4650 qua
214 4583 361 4635 transierat
371 4579 512 4642 Memphim
521 4579 657 4641 perlibrat
676 4581 798 4638 rarisque
838 4577 908 4628 Ltbri
927 4580 1024 4640 quinti.
1044 4602 1073 4615 ·-
1097 4580 1262 4646 Valentinus]
1284 4592 1375 4646 captus
1399 4585 1429 4637 C.
1440 4587 1485 4638 71.

143 4664 259 4717 altorum
274 4661 435 4712 testimonla.
461 4659 525 4710 lllns
542 4661 671 4710 sententia
687 4657 800 4708 breviter
838 4683 867 4694 -
886 4655 1011 4709 solatiam
1028 4658 1133 4724 mortisl
1152 4667 1252 4724 quippe
1271 4677 1324 4727 qua
1343 4667 1485 4728 alliciatur,

144 4742 302 4796 buscenti:
323 4739 493 4800 Seraptdsm,
507 4737 741 4790 deumtnterorum
754 4747 799 4786 ao·
837 4743 868 4786 ut
886 4743 977 4799 captae
997 4742 1096 4798 patrtse
1116 4749 1239 4802 aspectus
1260 4745 1344 4804 tpsum
1370 4758 1422 4798 non
1449 4746 1487 4799 at·

144 4824 329 4886 ttpntsslrnam
349 4819 429 4872 tuisse
447 4820 653 4882 Aegyptiorum,
674 4816 800 4868 assimila·
837 4818 917 4881 tltgat.
935 4817 1041 4868 Busae·
1061 4818 1115 4870 Cir.
1129 4819 1191 4883 Agr·
1209 4819 1259 4872 itt
1279 4825 1372 4874 mortis
1383 4827 1487 4891 grands

144 4910 204 4955 tum
218 4910 311 4967 poetes
322 4899 532 4952 eubl‘tolernaets
543 4898 683 4963 Stnopsnst
697 4896 734 4949 1111
744 4895 798 4947 lost
836 4896 959 4948 solatiam
978 4897 1055 4957 tulit,
1074 4910 1153 4952 seusu
1168 4912 1275 4962 prorsus
1289 4905 1378 4956 stmtlt.
1398 4909 1485 4960 tttnua

146 4981 393 5034 ntuetreltutant.
410 4977 800 5040 Partambutusdtsputattonte
839 4982 908 5027 recta
927 4981 1030 5036 accepti
1048 4990 1107 5029 cum
1130 4977 1254 5032 (lordono
1276 4983 1374 5039 'Gatioa
1401 4986 1433 5041 de
1462 4989 1486 5040 le

149 5063 276 5114 dabimus
287 5059 492 5111 lnExcursu.-
510 5059 556 5120 pai
565 5052 693 5119 Seleucia]
713 5055 799 5107 llutos
838 5055 962 5106 Basttds:
982 5053 1013 5106 Je
1031 5059 1098 5118 nais,
1116 5057 1299 5122 riposiditdl,
1325 5067 1440 5117 receuoir
1458 5067 1486 5118 ia

148 5146 263 5210 quidem
291 5139 374 5194 ismae
392 5146 483 5193 auctor
502 5137 573 5202 apud
593 5137 753 5190 Clementem
773 5139 801 5187 tn
838 5135 1002 5188 mmoiatiaa
1020 5135 1051 5188 de
1068 5137 1097 5188 la
1118 5144 1198 5191 saort.
1219 5165 1250 5180 -
1277 5149 1308 5194 at
1335 5143 1432 5211 recens]
1457 5153 1487 5200 ct
