3576 5882
372 499 377 506 ·
482 481 601 546 LIBER
622 481 676 549 lv.
720 475 925 550 EXCURSUS
947 483 973 549 Ι.
997 483 1038 549 II.
1364 486 1426 556 289

489 641 814 709 sasimensium
837 645 870 710 C.
890 644 1029 712 XLVIII.

171 779 366 852 Bumttmorum
390 779 534 857 nummus]
562 784 683 856 Proprie
709 789 736 842 et
760 799 797 840 ex
817 785 879 844 aeri
899 785 961 842 eius
981 800 1035 841 usu
1054 785 1153 857 accipe
1172 783 1331 858 beneficia,
1360 803 1427 859 pro-

106 866 237 923 motiones
266 867 302 924 ad
332 867 448 926 altiores
476 870 593 927 ordines
622 871 683 928 siue
713 871 830 941 gradus
883 869 1039 928 Castrense
1067 871 1096 927 iu
1116 887 1152 928 ea
1170 888 1202 929 re
1221 869 1343 930 verbum
1363 877 1426 943 est,

106 951 176 1008 licio
194 953 236 1008 sic
256 957 423 1026 usurpatum
448 953 485 1026 9,
506 954 561 1013 30:
606 955 640 1013 Ut
665 957 769 1013 tribuni
796 958 915 1014 militum
944 973 963 1012 a
991 953 1093 1029 'populo
1124 959 1246 1016 renident
1272 966 1429 1017 crearentur
1502 1009 1503 1012 ,

106 1053 167 1108 quae
182 1045 280 1104 amca,
301 1057 434 1112 perquam
453 1043 551 1111 paucis
564 1043 695 1114 suffraqio
717 1044 814 1114 populi
831 1044 935 1100 relictis
955 1043 1039 1108 tucis,
1067 1045 1231 1110 dictatorum
1247 1052 1271 1100 et
1290 1045 1430 1101 consutum

105 1124 203 1192 [11111111
235 1125 372 1197 beneficia.
426 1125 558 1183 Ciceroni
588 1127 675 1183 ctiam
701 1129 823 1200 epistola
854 1129 890 1185 ad
916 1128 1019 1185 Rutum
1047 1132 1227 1202 quaestorem
1245 1129 1280 1200 5,
1301 1129 1357 1185 20:
1389 1129 1430 1188 De

106 1211 295 1266 centurionibus
325 1218 416 1268 tannen
441 1219 465 1268 et
494 1213 665 1268 tribunorum
690 1215 809 1270 rnilitum
846 1215 1082 1271 contubernalibus
1113 1231 1156 1270 res
1187 1223 1226 1272 est
1247 1217 1277 1272 in
1303 1217 1427 1288 intruso,-

105 1311 177 1366 penus
195 1297 267 1352 enim
285 1297 382 1353 limum
401 1298 588 1369 beneficiorum
607 1299 744 1369 definitum
764 1300 820 1372 tepe
836 1316 892 1355 non
911 1305 980 1356 crat.
1020 1300 1080 1356 Nec
1100 1300 1231 1358 Valerius
1258 1301 1315 1358 alio
1343 1315 1430 1357 sensu

104 1377 136 1449 t,
154 1381 188 1451 7,
207 1381 237 1438 5.
259 1383 395 1454 scripsit:
416 1384 460 1440 111
479 1389 625 1454 equestrem
645 1385 767 1439 ordinem
783 1391 809 1440 et
826 1385 984 1456 splendidae
1002 1386 1120 1442 militiae
1141 1387 1277 1458 stipendia
1296 1385 1328 1441 P.
1344 1384 1431 1442 Caelii

105 1467 218 1537 imenso
240 1475 408 1540 peruenerat.
448 1469 520 1525 Item
536 1469 687 1526 Suetonius
702 1469 765 1526 Tib.
784 1469 828 1527 tu.
850 1471 943 1527 clare:
969 1469 1044 1528 Venit
1057 1473 1087 1528 in
1098 1474 1277 1542 suspicionem
1288 1487 1338 1543 per
1351 1486 1431 1541 quos·

104 1551 292 1624 dombenefics'i
304 1557 348 1611 sui
360 1557 535 1612 centuriones.
558 1554 803 1626 Nosteradacqae
823 1555 856 1625 1,
871 1553 924 1611 25:
944 1558 1078 1626 primores
1098 1557 1217 1614 militaus
1233 1573 1284 1628 per
1304 1557 1431 1627 bucolicis

103 1635 259 1709 Npmpbidii
276 1646 306 1695 ut
323 1647 465 1712 suspectos.
506 1639 543 1696 lli
565 1642 635 1696 tales
654 1640 832 1709 beneficiarii
852 1641 932 1698 dicti.
953 1641 1061 1699 Cacsar
1078 1641 1112 1699 Β.
1129 1643 1161 1700 C.
1180 1642 1213 1713 1,
1229 1642 1288 1699 751
1308 1643 1430 1698 Petreius

104 1739 160 1778 curn
185 1728 330 1795 praetoria
352 1727 460 1782 cohorte
487 1726 665 1798 barbarisque
687 1727 820 1798 equitibus
840 1729 954 1798 paucis,
977 1729 1156 1799 beneficiariis
1178 1733 1246 1785 suis.
1269 1727 1378 1784 Passim
1398 1727 1430 1783 iu

103 1809 255 1880 lapidibus:
289 1811 349 1867 BF.
372 1809 447 1869 GOS.
464 1815 492 1867 et
505 1811 563 1868 BF.
578 1811 633 1868 Pil.
654 1815 683 1867 et
701 1812 760 1868 BF.
781 1813 837 1869 Pll.
858 1813 913 1870 Pil.
934 1813 962 1869 id
985 1817 1047 1880 est,
1078 1813 1273 1885 Beneficiorius
1294 1811 1428 1884 Consulis,

102 1891 288 1966 beneficiarius
307 1897 461 1966 Praetoris,
492 1897 686 1970 beneficiarius
706 1897 839 1968 Praefecti
857 1898 1015 1964 Praetorio,
1044 1902 1093 1956 aut
1112 1899 1312 1972 Froprcetorir.
1335 1899 1430 1969 Vege-

40 2055 43 2066 .
103 1980 152 2037 tius
171 1999 278 2039 nomen
297 1985 472 2054 restringere
498 1984 628 2041 videtur:
661 1990 685 2040 et
711 1985 893 2056 beneficiarii,
926 1985 1018 2059 inquit
1038 1984 1076 2055 2,
1097 1986 1147 2055 7.,
1170 1987 1206 2042 cb
1224 2001 1255 2042 eo
1276 1985 1427 2056 appellati,

101 2071 165 2138 quod
183 2070 311 2142 beneficio
330 2070 503 2126 tribunorum
525 2077 756 2142 promoverentur.
798 2071 834 2127 Et
861 2072 897 2128 ad
917 2070 979 2126 eius
998 2075 1124 2128 mentem
1145 2073 1210 2141 lego
1229 2071 1259 2127 iu
1285 2069 1428 2142 lapidibus

100 2153 157 2210 ista.
195 2156 231 2212 la
260 2156 367 2212 Piceno
398 2153 456 2229 (ap.
485 2153 565 2212 Grut.
591 2155 663 2223 551,
696 2154 736 2228 3.)
773 2152 1066 2212 BENEFICIARIVS.
1090 2155 1252 2215 natatui.
1272 2153 1426 2215 DEINDE.

102 2235 217 2298 01110.
248 2239 299 2296 IN.
327 2238 518 2298 0111111111.
570 2236 678 2298 Itomae
709 2239 758 2313 (ib.
780 2255 809 2312 p.
830 2241 904 2312 538,
925 2239 966 2314 8.)
998 2237 1195 2299 CORNELIO.
1223 2237 1425 2300 1111101110.

99 2322 227 2382 ululat.
252 2324 470 2384 0110110111.
495 2325 574 2385 VRB.
596 2323 729 2382 BENEF.
747 2324 891 2383 aarum
931 2327 1046 2382 Abiisse
1065 2327 1096 2383 in
1116 2327 1195 2383 alind
1213 2327 1301 2384 oiiicii
1322 2343 1429 2384 nomeu

98 2413 201 2470 ridetur
232 2428 270 2469 ex
292 2413 469 2469 Tertulliano
498 2412 534 2468 de
555 2413 622 2482 tuga
642 2424 668 2468 c.
690 2411 745 2467 131
776 2409 810 2466 In
828 2413 989 2468 matricibus
1008 2413 1245 2484 beneficiariomcm
1263 2420 1288 2470 et
1306 2414 1428 2470 curioso·

98 2513 155 2554 nrm
171 2501 245 2556 inter
264 2499 480 2564 tabernarioset
504 2497 593 2554 lanios
621 2504 645 2553 et
674 2499 779 2553 aleones
804 2505 829 2554 et
852 2499 959 2554 lenones
984 2497 1134 2556 Christiani
1161 2514 1266 2571 quoque
1286 2499 1428 2572 uectipotes

98 2587 274 2642 continentur.
296 2583 373 2640 Lars.
413 2584 476 2640 lino
502 2588 568 2640 sunt
594 2585 668 2656 apud
694 2588 810 2640 veteres
828 2585 1034 2642 beneficiorum
1054 2599 1181 2654 genera,
1212 2600 1286 2658 quae
1305 2583 1428 2642 subinde

98 2670 308 2726 contunduntur
326 2683 344 2726 a
363 2669 555 2739 doctissimis,
576 2672 608 2724 ut
625 2667 655 2724 la.
677 2669 697 2724 l.
718 2670 755 2725 ab
774 2669 838 2742 ipso
859 2669 966 2740 Lipsio.
1004 2670 1070 2725 Alia
1088 2672 1156 2726 sunt
1176 2670 1322 2740 beneficia,
1354 2685 1429 2744 quae

98 2754 130 2809 ad
158 2755 303 2812 aerarium
330 2755 517 2826 deteruntur,
551 2755 587 2810 ad
616 2769 690 2826 quae
715 2758 826 2826 spectat
854 2757 934 2812 locus
963 2770 1000 2812 cr
1019 2755 1075 2825 Ep.
1100 2753 1158 2811 Cic.
1190 2757 1226 2811 ad
1245 2760 1429 2828 quaestorem

97 2855 195 2896 suum:
217 2841 277 2897 alia
297 2841 426 2912 beneficio
444 2842 647 2912 imperatorum
667 2844 716 2895 aut
735 2840 866 2896 aliorum.
906 2839 940 2896 In
961 2841 1018 2897 illis
1038 2839 1110 2896 nihil
1130 2841 1193 2908 est,
1215 2841 1269 2896 nisi
1285 2856 1431 2898 commen·

97 2924 168 2980 datio
197 2925 312 2984 uirtutis
342 2931 372 2983 ct
398 2927 441 2983 rei
468 2928 542 2982 bene
572 2928 689 2994 gestae,
719 2941 792 2996 quae
820 2926 973 2997 deponitur
998 2924 1074 2996 apud
1092 2925 1233 2981 aerarium
1253 2929 1282 2981 et
1301 2926 1381 2982 venit
1398 2925 1430 2982 in

96 3010 197 3067 ciuium
228 3012 375 3080 notitiam,
406 3012 483 3068 unde
508 3012 603 3068 aditus
622 3011 749 3068 munitur
769 3010 805 3066 ad
824 3009 948 3066 bonores
967 3009 1112 3066 maiores:
1144 3009 1175 3064 iu
1196 3009 1241 3066 bis
1259 3014 1304 3066 cst
1323 3010 1428 3080 gradus

96 3099 141 3151 aut
168 3096 289 3154 honoris
315 3099 449 3166 collatio,
496 3101 526 3153 ut
561 3097 739 3165 tribunatus,
782 3097 998 3167 praelectores,
1031 3093 1204 3151 centuriatus
1233 3097 1309 3163 cet,
1339 3095 1427 3152 uerbo

95 3181 284 3240 honoratioris
314 3187 343 3240 et
372 3183 493 3239 utilioris
517 3182 636 3238 militiae
664 3183 694 3238 11
724 3197 894 3254 quocunqne
923 3195 1050 3252 genere:
1082 3195 1149 3238 nam
1176 3186 1205 3238 et
1229 3179 1430 3260 centurionum

95 3266 234 3325 beneficia
255 3271 332 3324 sunt.
372 3269 473 3342 Neque
492 3284 560 3326 uero
581 3269 673 3324 solum
692 3267 729 3322 de
749 3267 849 3324 militia
869 3266 991 3336 dicitur,
1020 3266 1071 3322 sed
1090 3271 1118 3323 et
1137 3267 1222 3324 aliis:
1252 3267 1332 3323 velut
1351 3267 1428 3339 apud

94 3350 165 3410 Pliu.
187 3353 265 3426 Epp.
288 3353 341 3424 10,
365 3351 414 3410 18.
435 3357 502 3411 sunt
520 3353 643 3410 buleutae
663 3353 786 3424 beneficio
807 3351 959 3410 Caesaris:
982 3367 1049 3408 nam
1068 3351 1108 3408 ibi
1128 3355 1176 3408 aut
1196 3352 1286 3408 additi
1304 3352 1431 3426 benficia

95 3445 138 3492 tao
155 3455 224 3496 cnm
238 3439 409 3497 Casaubono
428 3440 598 3510 legendum,
619 3443 669 3495 aut
687 3440 735 3510 qui
754 3445 816 3496 sunt
835 3437 959 3510 buuttcio
979 3445 1034 3494 tuo.
1075 3435 1112 3493 llt
1130 3437 1166 3494 ad
1181 3438 1309 3494 Tacitum
1329 3435 1428 3494 uenia-

94 3539 175 3595 mus,
198 3529 341 3597 acquatus
358 3526 563 3584 beneficiorum
587 3539 724 3580 numerus
743 3523 816 3580 nihil
840 3528 884 3581 est
904 3523 999 3594 aliud,
1021 3537 1106 3595 quam
1125 3537 1276 3582 numeram
1300 3525 1428 3582 locorum

94 3611 278 3682 militarium,
308 3627 381 3685 quae
410 3612 628 3682 adsignarentur
646 3610 762 3666 arbitrio
782 3609 982 3682 proconsulis,
1016 3609 1104 3666 luisse
1124 3609 1200 3666 inter
1217 3612 1368 3683 utramque
1386 3609 1428 3667 ita

95 3694 237 3768 divisum,
258 3700 290 3754 ut
308 3701 428 3772 uterque
447 3697 565 3756 totidem
585 3699 706 3754 crearet.
726 3696 798 3752 Era.

488 3989 690 4055 EXCUIISUS
712 3991 751 4053 II.
772 3989 825 4052 ΑΙ)
848 3989 883 4053 0.
907 3987 1029 4051 LXVII.

408 4104 465 4168 EX
485 4104 707 4168 PLUTARCHI
728 4101 934 4167 amaluino
958 4099 993 4163 0.
1015 4099 1113 4166 XXV.

265 4216 324 4283 Ed.
339 4217 498 4282 Duebneri
520 4217 559 4280 ll.
581 4235 612 4299 p.
631 4217 703 4280 aar.
725 4213 838 4280 coliata
858 4232 928 4278 cum
951 4213 1258 4278 Winclrelmanniana

524 4330 628 4394 Turici
649 4332 691 4394 Μ.
714 4327 827 4392 DCCC.
849 4327 992 4392 XXXVI.

166 4451 289 4517 Ἰούλιος
302 4451 341 4526 ¹),
373 4452 391 4510 b
410 4447 467 4524 τὴν
496 4449 527 4508 ἕν
553 4449 690 4524 Γαλατίᾳ
714 4468 841 4524 κινησας
869 4446 1058 4518 ἀπόστασιν,
1093 4443 1202 4513 ἄλλους
1227 4467 1259 4505 τε
1281 4445 1424 4518 πολλοὺς,

93 4539 132 4605 ὡς
154 4538 254 4609 εἰκός,
274 4533 342 4615 ’ἑσχε
362 4535 545 4602 κοινωνούς,
566 4533 619 4593 καὶ
642 4535 794 4602 Σαβῖνον,
822 4529 1008 4612 ἅνδρανέον
1029 4533 1228 4672 οὐκὲἀγεννῆ,
1256 4529 1425 4605 1111111111δὲ

92 4623 146 4682 καὶ
172 4623 245 4708 δόξῃ
265 4625 440 4697 ἀνθρώπων
455 4627 578 4678 πάντων
597 4618 848 4696 ἐπιφανέστατον.
882 4612 1101 4694 Αψάμενοιδέ
1119 4620 1309 4693 πραγμάτων
1326 4622 1424 4694 μεγά-

91 4711 152 4770 λων
176 4691 376 4784 ἐσφάλησαν,
406 4702 461 4764 καὶ
481 4703 567 4778 δίκην
591 4701 696 4762 δώσειν
718 4699 961 4800 προσδοκῶντες,
993 4707 1023 4757 οἱ
1046 4700 1105 4777 μὲν
1129 4695 1241 4764 αὐτοὺς
1267 4699 1424 4786 usurpans,

92 4801 121 4852 οἱ
144 4789 177 4852 δὲ
204 4810 368 4891 φευγοντες
387 4788 556 4865 ηλίοκοντο.
598 4790 643 4860 Τῷ
668 4785 697 4846 δὲ
722 4787 844 4864 Σόιβινῳ
873 4781 914 4842 τὰ
933 4785 991 4862 μὲν
959 4779 1092 4842 stata
1113 4781 1284 4864 πράγματα
1311 4767 1424 4863 Ιρορδίιος

91 4877 239 4957 παρεῖχεν
258 4869 392 4934 ἐκποδὼν
416 4871 561 4953 γενέσθαι
581 4869 636 4930 καὶ
657 4870 847 4948 καταφυγεῖν
872 4875 913 4934 είς
940 4865 1010 4932 τοὺς
1034 4866 1232 4947 βαρβάρους·
1263 4865 1302 4944 ἦν
1319 4865 1350 4929 δὲ
1368 4892 1423 4949 yn-

163 5085 194 5154 1)
213 5089 260 5140 111
283 5087 367 5140 lullus
391 5083 480 5139 Clrllls
507 5083 571 5135 Tse.
600 5082 669 5134 litet.
696 5083 728 5140 1,
749 5081 813 5144 ata,
840 5079 887 5146 qul
913 5077 949 5139 4,
968 5074 1012 5130 tt.
1039 5081 1090 5128 cet.
1118 5075 1205 5129 eldam
1231 5082 1271 5132 ent
1297 5077 1423 5140 Claudius

91 5169 196 5226 Clrllts.
1339 5191 1344 5204 ι

139 5263 244 5339 reae.
263 5263 295 5318 11
1094 5255 1133 5322 lu
