3574 5878
339 458 530 531 CORNELII
552 459 920 532 clementianus
944 459 1149 530 EXCURSUS
1171 464 1199 532 1.
1383 462 1446 530 513

534 765 740 834 excitastis
762 771 787 834 l.
810 771 862 834 AD
886 769 972 836 CAP.
996 769 1023 832 1.

176 901 281 967 'Paucis
302 909 496 966 tantummodo
517 912 632 980 tangam
651 909 698 966 bic
717 910 844 966 veterem
864 909 944 965 illam
964 909 1210 980 controversiam,
1232 909 1326 965 utrum
1348 907 1447 966 Tacito

103 995 275 1053 tribuendus
312 997 349 1051 sit
377 994 514 1063 Dialogus
544 995 580 1052 de
610 996 790 1066 oratoribus,
826 1010 862 1050 an
899 995 1116 1051 abiudicandus.
1146 1069 1148 1074 ,
1176 993 1300 1078 Crarem
1332 995 1448 1068 quidem

101 1082 246 1154 posterior
263 1081 336 1138 haee
355 1081 498 1137 sententia
525 1082 665 1139 lentorem
690 1087 773 1138 nacta
792 1083 837 1138 est
855 1080 1053 1138 Eichstadium
1079 1081 1110 1137 in
1129 1079 1335 1150 Quaestionum
1357 1080 1449 1152 philo-

101 1168 262 1238 logicarum
292 1168 451 1240 specimine
480 1170 563 1223 sexto
593 1167 629 1222 de
662 1169 780 1240 Dialogo
811 1167 859 1238 qui
889 1167 1056 1224 inscribitur
1085 1166 1121 1222 dc
1150 1167 1320 1223 oratoribus.
1361 1165 1448 1224 lenae

101 1253 144 1312 bl.
166 1253 276 1312 DCCC.
298 1251 458 1322 xxxix„
480 1253 561 1309 cuius
582 1255 669 1311 linem
688 1255 736 1312 laic
756 1255 944 1311 exhibemus:

181 1339 204 1394 l.
227 1339 436 1408 «Dignissimus
457 1344 502 1395 est
520 1339 659 1410 Dialogus
678 1341 729 1396 illo
746 1339 940 1398 Romanarum
959 1339 1119 1397 litterarum
1140 1353 1230 1416 aeuo,
1251 1339 1326 1412 quod
1347 1354 1450 1408 argen-

103 1426 183 1478 teum
209 1425 284 1479 solet
310 1424 468 1498 appellari:
504 1425 576 1482 vixit
600 1426 724 1496 scriptor
743 1427 874 1499 aequalis
894 1425 992 1482 Tacito
1013 1429 1042 1481 et
1060 1423 1175 1494 Plinio,
1206 1440 1412 1499 sermonesque
1433 1439 1450 1480 a

101 1506 269 1580 principatu
294 1507 468 1579 Vespasiani
500 1516 599 1580 sexto,
633 1512 680 1584 qui
711 1527 804 1567 annus
835 1513 871 1567 ab
897 1527 983 1567 aerae
1011 1510 1192 1568 Christianae
1222 1510 1450 1582 septuagesimus

104 1592 241 1663 quintus,
262 1593 375 1650 habitos
398 1597 429 1650 et
447 1595 484 1651 ab
504 1596 568 1666 ipso
589 1597 743 1653 admodum
763 1599 868 1652 iuvene
890 1597 1002 1654 auditos
1022 1596 1177 1653 Domitiani
1197 1599 1325 1667 tempore
1344 1596 1449 1652 litteris

104 1679 266 1734 mandavit.
316 1679 415 1738 Utrum
446 1681 547 1736 eodem
575 1685 725 1753 tempore,
758 1683 947 1756 scriptoribus
989 1691 1061 1740 sane
1100 1683 1278 1754 periculoso,
1324 1696 1361 1736 an
1397 1681 1450 1738 sub

101 1763 216 1821 Nervae
239 1765 353 1822 demum
373 1769 403 1821 et
422 1763 539 1823 Traiani
560 1770 689 1840 temporo
709 1768 739 1823 in
758 1772 853 1825 lucem
872 1769 1028 1839 prodierit,
1052 1767 1174 1824 dubitari
1195 1769 1298 1838 potest.

180 1847 218 1905 ll.
239 1847 320 1907 Bene
339 1854 472 1908 versatus
492 1853 544 1908 luit
563 1853 593 1908 ln
620 1855 753 1922 legendis
778 1853 948 1924 Ciceronis,
978 1853 1166 1922 Quintiliani,
1199 1853 1291 1909 Taciti
1317 1857 1346 1910 et
1364 1851 1451 1910 Plinii

101 1935 225 1992 iunioris
245 1937 381 2009 scriptis;
414 1937 522 1993 multae
542 1939 594 1995 luit
612 1940 698 1998 homo
720 1941 852 1996 iectionis
873 1946 959 2015 atque
986 1941 1173 2004 eruditionis:
1207 1938 1294 1995 eliam
1319 1938 1451 2000 acumine

102 2022 195 2080 valuit
225 2027 254 2078 et
280 2022 377 2080 iudicii
408 2025 562 2094 elegantia.
613 2025 678 2082 Nou
709 2033 825 2097 pauca,
856 2041 929 2098 quae
962 2027 998 2081 ad
1028 2024 1267 2098 compositionem
1297 2027 1326 2079 et
1361 2026 1451 2078 artem

102 2107 212 2177 dialogi
232 2109 397 2179 pertinent,
428 2115 456 2166 et
483 2126 557 2183 quae
584 2111 620 2167 de
649 2111 816 2184 eloquentia
842 2113 871 2168 iu
900 2113 1065 2168 universum
1085 2111 1236 2178 disseruit,
1272 2107 1451 2166 aCicerone

102 2194 244 2264 sumpsit:
279 2193 407 2251 eiusdem
435 2201 567 2253 ornatum
595 2198 739 2253 allectavit
768 2202 854 2272 atque
874 2198 987 2270 copiam
1007 2197 1143 2267 dicendi,
1176 2197 1228 2252 sed
1248 2195 1308 2265 ita,
1344 2197 1452 2251 utnon

102 2293 170 2334 raro
195 2279 226 2334 in
255 2279 354 2338 sitium
383 2283 556 2352 tautologiae
582 2282 747 2346 laberetur,
782 2286 811 2339 et
840 2283 1020 2339 abundanter
1048 2283 1140 2352 magis
1170 2297 1255 2356 quam
1282 2282 1398 2354 copiose
1424 2283 1453 2335 et

103 2367 205 2420 ornate
224 2366 380 2423 scriberet:
400 2369 433 2423 ln
453 2368 588 2425 uniuerso
608 2368 754 2425 scribendi
776 2383 881 2438 genere
902 2369 1131 2438 Quintilianum,
1144 2357 1149 2368 '
1163 2368 1194 2424 iu
1215 2368 1329 2424 delectu
1350 2371 1380 2423 et
1399 2382 1452 2422 usu

103 2451 284 2522 singulorum
309 2451 463 2510 uerborum
490 2469 699 2526 saepenumero
727 2453 858 2512 Tacitum
887 2458 1019 2524 secutus,
1049 2456 1101 2510 sed
1128 2467 1221 2526 nequa
1249 2452 1327 2509 illius
1347 2453 1404 2509 vim
1424 2453 1453 2508 et

103 2551 212 2594 nervos
232 2537 262 2593 in
282 2538 453 2611 disputando
473 2543 502 2596 01
521 2540 740 2611 concludendo,
763 2556 857 2613 neque
878 2540 962 2597 buius
982 2541 1013 2596 in
1033 2540 1155 2596 dicendo
1176 2535 1288 2616 σεμνὸν
1302 2542 1452 2595 assecutus

104 2626 167 2678 est:
190 2627 315 2680 ceterum
335 2627 394 2680 tota
415 2625 501 2681 dictio
522 2625 658 2682 convenit
676 2625 719 2684 illi
731 2666 739 2694 ,
761 2641 847 2698 quant
867 2625 1009 2698 diximus,
1030 2627 1136 2697 aetati,
1157 2641 1213 2698 quo
1227 2623 1274 2694 lit,
1296 2628 1326 2680 ut
1344 2625 1452 2680 multae

105 2707 249 2765 dictiones
269 2709 356 2766 etlam
374 2707 513 2768 Plinianis
532 2712 698 2768 simillimae
717 2713 786 2768 sint.

181 2792 235 2850 111.
257 2795 397 2864 Quisnam
423 2812 491 2853 uero
517 2812 554 2852 ex
581 2797 632 2852 illa
662 2799 755 2853 aetate
785 2797 990 2870 conscripserit
1008 2795 1177 2868 Dialogum,
1211 2797 1260 2853 rix
1285 2795 1391 2868 poterit
1415 2793 1451 2849 ad

105 2881 248 2954 liquidum
276 2883 404 2953 perduci.
454 2883 496 2938 De
525 2880 704 2950 Quintiliano
730 2897 767 2939 ne
796 2899 853 2955 qna
880 2883 910 2938 iu
936 2886 1087 2956 posterum
1113 2882 1238 2953 suspicio
1267 2883 1452 2948 renascatur,

106 2967 187 3023 cavit
206 2965 349 3023 subtilitas
371 2967 531 3040 Spaldingii
559 2967 690 3041 (Quintil.
711 2967 750 3024 ll.
772 2985 800 3039 p.
822 2965 889 3024 tet.
910 2965 1022 3042 seqq.):
1057 2967 1171 3024 Tacitus
1199 2981 1345 3038 nunquam
1372 2965 1453 3019 ride·

106 3057 154 3108 tur
173 3052 359 3124 scriptionem
380 3057 526 3125 totamque
546 3051 714 3126 disputandi
732 3055 874 3110 rationem
901 3070 953 3125 pro
978 3069 1030 3110 sua
1049 3054 1197 3124 agniturus
1217 3050 1325 3109 luisse:
1358 3051 1451 3106 Plinio

105 3137 213 3193 iuniori
234 3139 282 3209 qni
302 3138 433 3194 libellum
452 3135 601 3207 tribuunt,
631 3154 777 3209 perpauca
802 3140 985 3210 protulerunt
1006 3155 1060 3195 nec
1079 3139 1149 3196 satis
1168 3138 1274 3194 idonea
1293 3135 1454 3192 sententiae

106 3237 179 3279 suae
199 3227 380 3292 argumenta.
421 3222 517 3281 Celeri
537 3225 734 3294 coniectores,
768 3225 834 3282 llali
854 3227 971 3299 quidem
991 3228 1020 3281 cl
1039 3224 1133 3294 Calli,
1167 3225 1236 3296 quid
1263 3221 1453 3288 somniarint,

107 3309 200 3366 salius
220 3311 265 3363 est
284 3309 399 3364 silentio
419 3311 678 3381 praetermittere.»

187 3389 367 3451 Cntmannus
387 3398 483 3452 autem
503 3412 585 3452 meus
604 3397 634 3451 in
655 3395 746 3452 Taciti
766 3395 1026 3468 iuterpretatione,
1046 3411 1145 3452 rursus
1166 3395 1339 3464 emendata,
1367 3393 1454 3449 immo

109 3479 205 3552 polius
220 3479 316 3536 denuo
330 3481 494 3550 elaborata,
517 3497 590 3553 quae
605 3496 661 3536 una
676 3498 740 3538 cum
760 3485 857 3538 nostra
869 3482 1003 3540 Editione
1023 3482 1147 3552 prodiit,
1170 3482 1251 3538 novis
1271 3481 1357 3537 etiam
1371 3495 1455 3548 argu-

109 3567 216 3623 mentis
226 3581 308 3622 suam
322 3569 495 3624 senteutiam
511 3565 650 3638 delendit,
665 3567 765 3624 Tacito
779 3567 930 3638 Dialogum
944 3568 1061 3624 omnino
1077 3567 1162 3622 tribui
1176 3583 1234 3623 nou
1247 3583 1344 3638 posse.
1366 3563 1455 3637 Equi·

109 3654 176 3708 dem
197 3667 251 3722 ego
280 3653 444 3714 etiamnunc
466 3651 603 3710 Codicum
623 3655 686 3711 siue
705 3654 797 3709 mavis
819 3653 904 3708 unlus
923 3654 1001 3710 illins
1022 3652 1157 3723 Codicis,
1189 3667 1226 3710 ex
1246 3669 1302 3727 quo
1322 3653 1453 3724 primitus

110 3737 190 3794 ducti
216 3741 298 3801 sunl,
331 3737 378 3811 qui
405 3753 482 3793 nnnc
510 3741 643 3810 exstant,
672 3738 867 3794 testimonium
894 3739 1049 3814 tranquille
1069 3754 1186 3811 sequor.
1227 3737 1325 3810 Atque
1344 3737 1455 3808 gaudeo

110 3825 255 3896 protecto,
272 3823 424 3896 iudicium,
440 3825 516 3896 quod
529 3828 596 3881 ante
609 3823 664 3880 bos
677 3823 770 3880 xvtl.
786 3840 878 3881 annos
891 3825 1016 3881 leceram
1029 3824 1059 3881 in
1074 3825 1168 3896 priore
1188 3839 1254 3880 mea
1269 3823 1404 3882 Editionc
1420 3821 1453 3898 ⁶),

109 3911 169 3967 iam
188 3909 403 3981 comprobatum
423 3923 488 3965 esse
508 3924 525 3965 a
544 3909 746 3965 Doederleinio
767 3925 852 3965 meo:
1465 3965 1469 3974 ,

189 3990 329 4051 «Gravior
357 3994 444 4050 etiam
470 3993 609 4050 dubitatio
634 3995 751 4051 suborta
776 3996 829 4051 cst.
870 3995 936 4066 lpsa
963 3993 1041 4050 enim
1068 3993 1154 4049 dictio
1181 3994 1254 4049 adeo
1273 3993 1453 4064 discrepata

110 4078 233 4150 reliquis
252 4079 384 4149 scriptis,
420 4083 451 4135 ut
477 4081 553 4136 bona
578 4096 646 4155 pars
667 4079 815 4136 homiuum
835 4080 985 4137 doctorum
1004 4080 1081 4135 idem
1101 4079 1249 4148 ingenium
1270 4082 1328 4134 tam
1347 4079 1454 4148 dispari
1475 4101 1476 4104 ¹

111 4165 243 4222 oratione
274 4163 313 4219 uti
340 4165 468 4237 potuisse
493 4169 654 4238 pernegant
680 4169 887 4237 proptereaque
913 4166 989 4222 hune
1013 4164 1145 4221 libellum
1171 4166 1278 4223 auctori
1298 4165 1453 4222 Annalium

112 4254 143 4308 et
171 4248 362 4306 Historiarum
391 4264 508 4320 prorsus
538 4251 712 4308 abiudicent.
764 4251 835 4308 Mihi
862 4254 963 4307 000111
992 4251 1114 4308 videtur.
1166 4252 1262 4307 Aliam
1295 4251 1454 4306 orationem

113 4335 204 4405 exigit
223 4335 350 4391 narratio
369 4351 482 4405 rerum,
505 4337 593 4392 aliam
606 4337 776 4408 disceptatio
795 4337 971 4409 quaestionis
989 4337 1122 4394 alicuius.
1162 4337 1235 4393 Boni
1251 4336 1398 4407 scriptoris
1411 4338 1457 4391 cst

113 4421 266 4492 utrumque
285 4435 375 4490 genus
394 4421 542 4478 intellectu
562 4419 754 4492 distinguere,
786 4424 923 4479 atterutro
950 4423 1010 4491 uti,
1044 4423 1214 4481 excellentis
1233 4435 1321 4489 vero,
1354 4437 1453 4492 parem

114 4519 180 4561 ceso
208 4506 238 4560 iu
265 4506 413 4578 utriusque
439 4507 576 4564 orationis
603 4505 748 4565 facultate.
787 4509 875 4580 Atqui
896 4523 949 4576 ego
970 4507 1101 4562 Tacitum
1125 4506 1317 4562 excellentem
1338 4505 1454 4562 dicendi

114 4591 253 4646 artilieem
272 4591 424 4662 existimo,
455 4596 512 4649 tarn
532 4594 559 4649 vi
580 4597 698 4651 naturae
718 4607 804 4667 quam
823 4597 884 4649 arie
903 4592 1101 4664 doctrinaque.
1142 4592 1217 4660 Quid
1235 4593 1339 4648 mirum
1367 4593 1454 4662 igitur

114 4677 139 4732 si
158 4675 188 4732 in
207 4675 401 4735 dissimillimo
420 4680 660 4749 generedicendi
678 4680 734 4737 sibi
752 4679 808 4753 ipsi
826 4678 1036 4736 dissimillimus
1050 4677 1124 4735 tuiti
1144 4678 1182 4736 Et
1200 4693 1342 4748 agnoscas
1356 4681 1452 4734 tamen

184 4925 206 4991 ⁹)
239 4927 293 4982 1111
321 4929 347 4978 10
373 4926 515 4991 1111111111
543 4927 649 4990 quidem
676 4927 755 4978 butus
782 4925 883 4990 Dlalogl
912 4927 1064 4991 posterlorts
1092 4927 1185 4977 aetatis
1209 4925 1318 4989 rortlgta
1347 4930 1452 4988 roperto

116 5013 206 5062 nequa
235 5001 261 5050 lu
286 5010 382 5063 genere
409 4997 515 5048 dicendi
542 4999 620 5049 111111
640 4999 718 5049 etlam
737 4999 940 5060 discrepantiam
960 5010 974 5046 1
993 4997 1078 5048 'lacltl
1097 4997 1158 5046 11110
1178 5002 1257 5058 atque
1277 5009 1350 5051 cam.
1383 5011 1452 5060 qnae

115 5073 265 5123 1111111110
294 5069 457 5120 intercedere
485 5067 565 5122 debet
592 5073 661 5120 tnter
687 5073 812 5130 scriptum
839 5069 997 5121 rhetoricum
1023 5075 1050 5119 et
1072 5063 1229 5118 blatorlca.»
1274 5066 1451 5128 (Latinitatem

116 5144 196 5196 nulus
216 5139 317 5206 Dtatogt
338 5141 467 5204 lmprlmtr
482 5137 603 5192 detrudit
620 5139 775 5204 Wopkens,
795 5153 874 5204 quem
894 5141 1011 5203 excerpsi
1029 5143 1057 5189 ln
1076 5139 1199 5192 ltdltlonc
1217 5149 1276 5190 1111
1295 5137 1404 5208 prlore.)
