3630 5880
532 435 651 501 66666
671 435 710 505 n.
752 435 828 522 usp.
847 437 899 501 66.
923 435 975 502 cr.
999 435 1051 502 66.
1390 437 1450 504 666

136 593 223 680 prima
243 593 444 660 classicorum
465 591 548 680 legio
570 595 602 661 in
624 596 807 680 Hispaniam
829 595 936 675 missa,
958 605 994 664 ui
1014 617 1092 684 pace
1115 603 1147 663 ei
1168 595 1234 663 otio
1256 598 1449 679 mitesceret;

137 705 286 772 undecima
307 729 345 773 66
366 707 497 796 septima
518 709 583 775 suis
604 710 744 775 bibernis
771 710 932 789 redditae3
963 709 1211 776 tertiadecimani
1237 719 1359 776 struere
1388 731 1454 776 am·

136 817 295 904 pbitbesira
315 820 404 888 inssi.
428 841 499 888 narn
524 821 656 887 Caecina
685 823 877 901 Cremonae,
911 821 1024 889 Valens
1052 823 1213 890 Bononiae
1243 823 1454 908 spectaculum

138 931 329 1016 gladiatorum
352 937 447 1001 edere
469 937 639 1019 parabant,
663 956 822 1020 nunquam
851 937 895 1001 ita
927 939 968 1001 ad
998 957 1088 1003 curas
1115 936 1236 1003 intento
1265 935 1390 1003 vitellio
1421 943 1455 1003 66

136 1043 316 1130 voluptatum
337 1045 585 1114 oblivisceretur.
1464 1087 1477 1128 ς

208 1158 268 1244 (68)
292 1163 332 1225 Et
354 1159 481 1248 quidem
501 1168 606 1247 partes
627 1165 768 1227 modeste
801 1164 1004 1228 distraxerat:
1035 1161 1118 1248 apud
1147 1163 1280 1229 victores
1308 1171 1378 1230 orta
1406 1184 1455 1228 sc·
1486 1185 1519 1245 2,

137 1271 219 1348 ditio,
242 1272 361 1340 ludicro
377 1274 484 1355 initio,
507 1277 541 1339 ai
555 1295 705 1340 numerus
727 1294 888 1341 caesorum
910 1274 1058 1342 invidiam
1080 1274 1164 1342 bello
1186 1279 1332 1346 auxisset
1354 1275 1456 1342 discn-
1487 1254 1491 1323 1

138 1387 235 1451 166666
254 1386 399 1454 Vitellius
420 1387 520 1453 Ticini
542 1385 681 1452 adhibito
705 1390 744 1453 ad
766 1387 874 1473 epulas
898 1390 1057 1472 Verginio.
1081 1391 1175 1472 legati
1205 1388 1386 1474 tribunique
1415 1413 1456 1455 ex

138 1497 264 1566 naribus
293 1501 517 1584 imperatorum
550 1502 748 1566 severitatem
775 1499 970 1566 aemulantur
998 1503 1048 1566 661
1081 1503 1274 1585 tempestivis
1306 1504 1456 1568 conviviis

138 1611 278 1695 gaudaut;
302 1613 434 1699 perinde
456 1611 546 1678 miles
569 1615 705 1678 intentus
728 1619 781 1678 aut
802 1613 935 1678 licenter
954 1617 1029 1697 agit.
1054 1617 1138 1700 apud
1165 1617 1322 1681 Vitellium
1351 1615 1493 1694 omnia„

137 1723 326 1809 indisposita,
348 1728 535 1803 temulenta,
558 1725 730 1813 pervigiliis
759 1746 795 1791 ac
823 1727 1063 1792 bacchanalibus
1094 1749 1187 1812 quam
1213 1726 1395 1814 disciplinae
1427 1739 1458 1794 at

138 1841 232 1904 6666616
253 1840 415 1925 propiora.
436 1839 532 1924 igitur
553 1836 676 1905 dnobus
697 1835 865 1916 militibus,
889 1839 986 1905 aliero
1015 1838 1149 1924 legionis
1178 1841 1327 1927 quintae,
1357 1844 1456 1908 altero

138 1950 263 2018 aiiailis
285 1951 508 2030 auxiliaribus,
539 1971 597 2038 per
618 1950 776 2017 lasciviam
799 1949 838 2016 ad
859 1959 1017 2018 certamen
1037 1952 1175 2020 luctandi
1196 1954 1351 2031 accensis,
1373 1963 1459 2040 post-

138 2083 219 2149 quam
240 2063 431 2151 lcgionarius
451 2064 654 2152 prociderat,
676 2063 842 2129 insultante
865 2063 953 2129 Gallo
983 2072 1014 2129 66
1040 2066 1078 2130 116
1107 2067 1161 2152 qui
1190 2069 1230 2131 ad
1255 2072 1458 2151 spectandum

139 2185 340 2244 convenerant
359 2181 393 2244 iu
415 2176 517 2244 studia
533 2177 680 2254 diductis,
704 2197 839 2263 erupere
853 2178 1018 2262 legionarii
1032 2178 1065 2243 in
1079 2179 1252 2264 perniciem
1266 2180 1457 2248 auxiliorum
1469 2211 1495 2253 66

138 2309 169 2353 66
193 2289 273 2358 6666
303 2293 451 2358 cobortes
479 2289 673 2357 interfectae.
705 2288 879 2356 remedium
907 2293 1057 2357 tumultus
1089 2292 1149 2357 fuit
1182 2291 1262 2358 61166
1295 2293 1457 2362 tumultus.

138 2401 228 2488 pulsis
250 2403 360 2491 procul
382 2414 415 2470 et
436 2425 522 2469 66666
547 2405 796 2492 aspiciebantur:
825 2401 1049 2468 conclamatum
1078 2414 1208 2491 repente
1235 2415 1374 2494 quartam
1405 2411 1459 2474 de-

139 2516 242 2583 eimam
273 2517 430 2604 legionem
456 2536 550 2583 rcrso
585 2519 699 2582 itincre
729 2519 768 2581 ad
796 2515 948 2602 praelium
975 2519 1093 2584 venire.
1128 2517 1300 2584 sederant
1327 2521 1459 2605 agminis

139 2639 309 2698 martores:
332 2631 428 2716 agniti
452 2632 618 2714 dempsere
641 2627 892 2695 sollicitudinem.
917 2627 1041 2695 interim
1070 2630 1211 2716 Verginii
1238 2617 1460 2700 sarmatario

139 2743 242 2832 6166166Ι
261 2753 296 2810 66
315 2763 488 2829 percussor
509 2740 628 2810 Vitellii
648 2731 855 2808 insimulatur.
879 2750 911 2806 ei
937 2740 1050 2807 ruebat
1076 2745 1116 2807 ad
1145 2746 1323 2810 6666161666
1351 2745 1497 2825 661166,66

141 2865 265 2922 nortem
287 2855 429 2940 Verginii
452 2875 633 2943 exposcens.
656 2875 695 2920 nc
716 2853 860 2920 Vitellius
892 2853 1031 2939 quidem,
1062 2875 1250 2940 quamquam
1280 2856 1320 2924 661
1351 2878 1461 2925 omnes

141 2969 323 3054 suspiciones
344 2971 488 3054 pavidus,
510 2967 550 3034 de
579 2965 759 3033 innocentia
788 2969 855 3031 aius
887 2963 1050 3032 dubitarit
1077 2987 1173 3051 aegre
1201 2975 1306 3034 666666
1333 2969 1462 3038 6616116161

141 3082 188 3166 agui
209 3081 337 3148 exitium
360 3079 532 3148 consularis
554 3089 586 3146 et
606 3079 765 3166 qnondam
786 3077 875 3145 616616
896 3080 944 3144 661
976 3080 1166 3163 flagitabant.
1189 3101 1246 3148 uec
1273 3102 1462 3169 quemquam

141 3197 254 3279 saepius
275 3216 370 3282 qnam
391 3193 573 3279 Verginium
595 3194 698 3259 omnis
719 3190 831 3258 seditio
852 3190 1023 3258 infestavit.
1047 3195 1192 3258 manebat
1212 3192 1379 3261 admiratio
1400 3196 1462 3264 6161

141 3313 168 3371 66
185 3308 282 3374 lama:
306 3291 364 3375 sed
386 3309 516 3373 oderant
536 3313 571 3372 ut
591 3303 730 3372 fastiditi.
747 3303 807 3390 (69)
827 3314 954 3390 postero
978 3305 1028 3372 die
1050 3303 1212 3384 Vitellius,
1234 3316 1357 3375 senatus
1377 3311 1500 3396 lega-te

596 3403 690 3421 ...ιι-ιι

203 3539 227 3592 ³.
245 3540 379 3596 66666611.
399 3564 428 3577 -
449 3537 535 3590 ceriam
553 3535 591 3588 16.
614 3562 641 3574 -
662 3536 742 3587 coiea
757 3535 797 3588 li·
817 3558 848 3572 -
867 3533 894 3586 ’1.
914 3535 943 3584 666
962 3534 1090 3588 6666611.
1112 3536 1255 3590 1616666666
1272 3541 1383 3595 inseruit
1398 3545 1461 3598 asiai.

142 3635 172 3646 -
189 3625 235 3662 ces.
253 3611 290 3663 11.
312 3639 340 3653 -
364 3609 449 3663 1161666
466 3605 643 3668 comeaeris,
663 3620 715 3659 non
734 3608 811 3656 aaait
830 3603 940 3668 (Gueii.)
951 3602 1031 3657 llari.
1045 3606 1123 3658 liodi.
1142 3607 1194 3660 les.
1214 3609 1272 3672 (Vr.
1286 3613 1316 3660 666
1329 3637 1339 3648 -
1351 3639 1362 3651 -
1374 3618 1464 3666 am.

59 3681 61 3688 ⁴
143 3683 288 3734 aaseeiusii
300 3683 404 3738 11166666
423 3686 556 3742 tamquam
575 3679 684 3741 glossam
704 3681 815 3740 primum
833 3675 990 3737 adscriptam
1013 3691 1053 3728 66.
1077 3679 1110 3727 Et
1122 3679 1225 3739 guidem
1237 3705 1247 3716 ·
1259 3706 1269 3716 ·
1281 3681 1464 3748 distraxerat.)

144 3776 172 3790 -
188 3753 212 3804 ii.
229 3755 364 3805 amaritate
379 3751 419 3804 11.
439 3749 560 3814 (Recepit
578 3743 670 3811 166616.)
690 3771 722 3784 -
741 3747 873 3798 66666611.
886 3771 919 3780 -·
937 3748 979 3798 iii.
995 3749 1076 3809 piade
1095 3761 1154 3798 cum
1170 3764 1190 3814 p
1209 3752 1320 3803 caudato
1333 3751 1463 3821 (proinde)

144 3821 177 3874 11.
195 3849 222 3862 -
254 3826 297 3874 11.
324 3823 435 3874 66661666.
462 3821 500 3872 11.
525 3844 560 3854 -
589 3819 632 3869 16.
658 3817 835 3879 spectaculum
852 3821 997 3876 necarant,
1025 3818 1071 3868 6661
1090 3818 1123 3870 61
1142 3819 1234 3872 eadem
1253 3835 1288 3872 us.
1317 3833 1463 3878 correctum

144 3890 352 3957 maeandrinis)
371 3893 548 3944 ecaaeaeaas
566 3889 603 3942 11.
624 3915 656 3926 -
676 3890 718 3938 15.
738 3886 910 3938 6666666611.
931 3887 1082 3939 correctum
1102 3891 1129 3940 in
1148 3889 1218 3952 spir.
1240 3898 1266 3942 66
1283 3904 1298 3941 a
1317 3894 1415 3956 lipsio.
1430 3923 1465 3934 -

143 3967 247 4026 pauide
257 3965 295 4018 11.
311 3989 341 4002 -
361 3963 405 4014 21.
425 3961 599 4012 ο66666611.-
620 3959 664 4010 2³.
686 3957 834 4008 consularis
851 3957 894 4010 116
913 3959 966 4006 oiri
982 3959 1132 4009 consularis
1150 3973 1210 4012 6666
1230 3961 1373 4016 Puteolano
1385 3965 1416 4019 ll.
1432 3991 1464 4006 -

145 4046 282 4100 gumgnam
299 4035 338 4088 11.
358 4059 387 4072 -
408 4028 534 4084 amarum
551 4031 590 4084 11.
613 4054 641 4066 -
661 4027 956 4090 11661666666666.
976 4029 1014 4080 li.
1036 4055 1065 4068 -·
1083 4037 1189 4092 postero
1210 4031 1254 4086 lis
1273 4042 1380 4096 postera
1397 4036 1429 4088 B.

147 4225 269 4292 6666666]
288 4228 441 4281 sententiae
459 4227 494 4277 ita
514 4223 674 4276 cohaerente
696 4220 782 4272 aludi-
818 4217 1224 4289 gloriaest-adspecraadaas]
1239 4233 1371 4280 certamen
1380 4229 1465 4291 prima

149 4316 211 4358 crura
228 4309 335 4372 quidam
354 4307 404 4358 1666
421 4306 556 4357 6666666616
584 4305 707 4361 initium,
736 4302 781 4351 sed
820 4299 948 4352 ludicram
968 4300 1078 4354 6666666
1105 4303 1278 4368 luctatorum,
1305 4320 1409 4370 prorsus
1436 4316 1466 4360 66

149 4388 230 4440 caedes
244 4387 327 4441 cicc.
348 4386 403 4438 iere
421 4386 557 4435 bominum
573 4389 645 4435 auait
658 4381 782 4434 insidiam
820 4384 970 4431 etiamnunc
990 4382 1018 4431 dt
1030 4383 1098 4444 apud
1113 4381 1261 4436 Britannos.
1276 4409 1306 4422 -
1320 4385 1464 4452 coactores]

149 4470 219 4518 totins
236 4469 296 4521 belii
317 4467 416 4526 civilis,
436 4465 507 4528 qood
526 4463 781 4516 semeitransactnm
821 4461 865 4523 gui
893 4465 1005 4523 cogunt,
1043 4461 1169 4513 claudunt
1193 4477 1285 4528 agmen
1311 4466 1465 4529 residesque

150 4547 192 4596 ian
209 4548 355 4606 ridebatur,
375 4547 528 4608 praesertim
548 4549 783 4604 cumreputarens,
821 4548 851 4590 ut
875 4542 1075 4605 progrediantur
1101 4544 1224 4607 adigunt;
1259 4559 1309 4608 qna
1338 4548 1466 4610 signina..

151 4637 218 4687 gurm
235 4640 265 4679 ea
280 4629 330 4680 ieri
349 4639 427 4678 causa
445 4625 488 4676 iiia
507 4631 562 4675 6666
581 4630 677 4674 asset.»
703 4623 784 4672 Recte
822 4623 892 4671 tione
911 4617 1071 4683 (itacismi,
1092 4621 1295 4689 arrides-garde)
1314 4625 1363 4676 hoc
1381 4641 1405 4677 r.
1426 4631 1467 4682 616

151 4703 291 4758 looaudre:
310 4701 785 4757 aosstdiiioadoatlaccnsea'acait
822 4699 884 4749 aiibi
912 4704 1037 4762 reperies.
1058 4699 1265 4766 -coasaiaris1
1290 4705 1467 4768 ingestissima

152 4786 358 4842 stmdesirieaa,
368 4787 434 4838 mais
447 4785 494 4849 gni
502 4784 604 4848 ajouta,
615 4797 668 4846 par
680 4783 702 4832 le
713 4795 785 4831 aom-
824 4786 879 4832 erat
894 4778 1032 4831 Puteolani
1052 4781 1217 4841 interpolatio
1236 4783 1289 4832 ciri
1302 4787 1465 4850 consularis,

152 4861 785 4927 6666666666,61166666666666666666666.-
824 4861 947 4924 quoniam
974 4861 1061 4908 statim
1091 4863 1212 4923 sequitur
1237 4863 1379 4916 admiratio
1404 4869 1466 4919 ciri.

151 4943 450 5011 6666666666]166.866.
460 4937 738 5005 crisa-proptera]
752 4941 786 4990 ai·
827 4965 855 4977 -
881 4933 1011 5000 fastiditi]
1040 4940 1139 5004 quippe
1168 4940 1263 5002 unibus
1289 4957 1388 4996 morem
1415 4961 1466 5000 non

154 5023 257 5090 niliora,
267 5032 296 5078 ut
305 5029 376 5078 666.
386 5028 411 5088 1,
420 5024 471 5076 aa:
492 5023 671 5075 contumaciae
681 5021 786 5084 propio·
824 5021 938 5082 gesserat
950 5019 1087 5078 imperium
1101 5020 1282 5074 alterantibus.
1295 5023 1400 5078 1666666.
1413 5023 1467 5084 ca.

154 5106 260 5159 sss.i.ir.
272 5105 375 5168 mis
390 5106 502 5174 propia
513 5101 653 5160 6666666666
667 5111 694 5154 66
707 5113 787 5167 gaam
824 5098 851 5164 1,
868 5097 912 5150 61.
931 5097 959 5164 1,
978 5095 1021 5150 61.

183 5197 276 5258 laos.
293 5199 325 5258 ii.
1153 5195 1174 5266 9
