3630 5880
327 485 387 552 ito
678 481 866 549 CORNELII
885 479 1018 548 tecm
1037 479 1312 548 nisuomieini

325 639 546 710 contradicere.
581 641 714 708 inrisere
735 641 881 728 plerique
900 639 1115 726 inpudentiam
1142 638 1377 718 aemulationis;
1410 637 1481 704 aliis
1502 635 1660 722 idipsam

325 755 485 841 placebat,
519 753 603 843 quod
624 759 782 822 neminem
804 777 844 821 ex
864 753 1139 841 praepotentibus,
1173 751 1228 818 sed
1250 751 1416 818 Thraseam
1437 753 1477 816 ad
1499 751 1662 836 exemplar

323 889 418 934 verae
440 867 558 954 gloriae
578 867 714 952 legisset
757 869 826 950 (oe)
860 874 1085 955 praeposuerat
1113 866 1320 951 praetorianis
1341 865 1487 931 Publium
1509 861 1660 930 Sabinum

324 1002 344 1046 a
364 983 560 1066 praefectura
581 982 737 1057 cohortis,
760 979 872 1045 Iulium
895 979 1033 1046 Priscum
1057 987 1122 1044 turn
1144 977 1379 1044 centurionem:
1402 979 1525 1044 Priscus
1547 977 1661 1046 Valen-

300 1095 380 1170 rtis,
404 1093 537 1160 Sabinus
559 1092 709 1158 Caecinae
731 1094 829 1176 gratia
850 1092 1021 1176 pollebant.
1044 1091 1128 1158 inter
1148 1089 1308 1156 discordes
1322 1089 1445 1157 Vitellio
1460 1091 1539 1156 nibil
1552 1097 1661 1156 ancto-

323 1208 432 1272 ritaiis.
466 1207 571 1273 munia
592 1207 717 1289 imperii
739 1206 871 1271 Caecina
891 1225 928 1270 ac
947 1203 1063 1272 Valens
1085 1202 1228 1278 obibant,
1251 1203 1327 1269 olim
1347 1202 1434 1268 anxii
1456 1201 1556 1280 odiis,
1578 1222 1660 1289 quae

322 1317 406 1385 bello
429 1326 460 1385 et
481 1320 588 1384 castris
609 1317 689 1383 male
712 1316 904 1383 dissimulata
931 1317 1069 1403 pravitas
1091 1316 1262 1382 amicornm
1291 1319 1322 1382 e't
1341 1313 1475 1382 secunda
1496 1317 1661 1401 gignendis

322 1430 491 1498 inimicitiis
513 1433 622 1498 civitas
644 1437 789 1506 auxerat,
822 1428 895 1494 dum
923 1426 1040 1494 ambitu
1067 1432 1216 1495 comitatu
1237 1435 1268 1494 et
1289 1431 1439 1495 inmensis
1459 1428 1659 1495 salumntium

323 1543 500 1630 agminibus
528 1545 720 1609 contendunt
746 1550 1041 1628 comparanturque,
1074 1541 1169 1607 variis
1196 1541 1229 1606 in
1257 1540 1340 1607 bunc
1360 1549 1414 1606 aut
1433 1541 1522 1607 illum
1543 1541 1660 1610 Vitellii

286 1676 313 1718 re
323 1656 587 1723 inclinationibus.
610 1675 669 1720 nec
688 1673 824 1740 unquam
847 1659 920 1720 satis
935 1653 996 1720 lida
1011 1657 1164 1739 potentia,
1188 1652 1243 1719 ubi
1257 1655 1352 1720 nimia
1366 1662 1425 1720 est.
1449 1656 1540 1721 simnl
1555 1656 1659 1740 ipsum

323 1769 499 1845 Vitellium,
524 1769 634 1834 subitis
655 1766 785 1832 offensis
806 1773 860 1833 aut
880 1769 1108 1852 intempestivis
1128 1765 1285 1834 blanditiis
1302 1765 1496 1845 mutabilem,
1521 1775 1661 1834 conmm-

322 1879 440 1948 nebant
460 1877 713 1964 metuebantque.
750 1899 807 1944 nec
837 1898 877 1945 eo
905 1883 1031 1965 segnius
1057 1881 1234 1946 invaserant
1255 1882 1365 1946 domos
1386 1883 1497 1948 hortos
1519 1901 1659 1968 opesque

322 1993 466 2082 imperii,
489 2013 561 2059 cum
582 1988 697 2056 debilis
718 1999 750 2056 et
771 2009 866 2075 egens
887 1991 1039 2058 nobilium
1060 1995 1166 2069 turba,
1193 2011 1272 2078 quos
1292 1992 1379 2079 ipsos
1399 1993 1580 2082 liberosque
1600 2015 1660 2078 pa·

323 2110 401 2174 triae
423 2103 520 2172 Galba
548 2101 744 2180 reddiderat,
777 2103 861 2168 nulle
889 2109 1038 2192 principis
1063 2105 1277 2172 misericordie
1303 2107 1498 2175 iuvarentur.
1535 2114 1659 2192 gratum

285 2231 314 2272 ²⁵
323 2223 516 2308 primoribus
537 2220 669 2287 civitatis
690 2220 783 2287 eiiam
804 2217 893 2307 plebs
915 2215 1115 2306 adprobavit,
1139 2221 1223 2304 quod
1240 2219 1376 2286 reversis
1397 2223 1436 2285 ab
1459 2219 1568 2286 exsilio
1589 2223 1660 2286 iura

322 2333 509 2399 libertorum
531 2333 750 2409 concessisset,
774 2351 961 2418 quamquem
983 2333 1015 2396 id
1029 2332 1114 2397 omni
1131 2330 1226 2397 modo
1240 2331 1364 2398 servilia
1379 2332 1502 2418 ingenia
1516 2353 1663 2400 corrum-

127 2423 175 2507 sr·
196 2439 270 2504 sp..
322 2449 453 2533 pebant,
480 2445 595 2512 abditis
614 2443 755 2532 pecuniis
775 2463 835 2531 per
855 2446 992 2509 occultos
1014 2454 1068 2510 aut
1088 2443 1269 2513 ambitiosos
1290 2445 1392 2541 sique,
1425 2447 1603 2534 etquidem
1624 2449 1660 2512 in

323 2557 450 2624 domum
473 2557 614 2622 Caesaris
637 2555 837 2639 transgressi,
861 2564 954 2641 atque
975 2554 1050 2640 ipsis
1072 2557 1206 2624 dominis
1229 2563 1433 2644 potentiores.

406 2669 470 2756 (93)
495 2667 556 2736 Sed
578 2668 684 2746 miles,
713 2669 815 2755 plenis
837 2667 946 2735 castris
967 2678 999 2735 et
1019 2670 1213 2737 redundante
1234 2671 1448 2750 multitudine,
1475 2671 1508 2738 in
1529 2671 1662 2760 portici-

284 2785 381 2848 obus
403 2791 457 2848 aut
476 2779 614 2848 delubris
637 2791 669 2848 et
689 2779 769 2848 nrbe
790 2788 855 2848 tote
878 2801 994 2866 vagus,
1018 2803 1082 2850 non
1102 2786 1253 2872 principia
1274 2805 1422 2863 noscere,
1445 2806 1509 2852 non
1527 2807 1660 2852 semare

321 2895 458 2981 vigilias,
491 2914 594 2980 neque
624 2897 735 2960 labore
762 2893 900 2960 mmeri:
936 2914 994 2978 per
1019 2895 1184 2962 illecebras
1212 2897 1299 2964 urbis
1329 2907 1360 2964 et
1380 2898 1543 2966 inhonesta
1569 2897 1660 2966 dictu

322 3029 438 3094 corpus
459 3009 541 3082 otio,
565 3006 703 3074 animum
724 3006 906 3074 libidinibus
926 3007 1162 3076 imminuebant.
1185 3018 1364 3095 postremo,
1394 3032 1434 3077 ne
1456 3012 1562 3079 salutis
1588 3014 1660 3099 qrai-

394 3184 418 3233 1.
439 3181 492 3231 tnr.
512 3179 560 3232 lt:
578 3182 628 3231 trr.
648 3179 680 3230 Β.
699 3201 732 3215 -
750 3181 805 3243 top.
825 3181 872 3234 bia
891 3182 956 3244 imp.
976 3181 1007 3230 Β.
1030 3207 1058 3220 -
1090 3178 1116 3230 ³.
1135 3195 1196 3234 oere
1213 3181 1251 3235 bl.
1273 3208 1302 3221 -
1331 3183 1358 3233 d·
1378 3185 1416 3236 ed
1428 3185 1600 3248 praefectura
1615 3183 1656 3237 bi.

323 3251 392 3304 Olim
412 3251 526 3303 edebant
542 3264 575 3301 co
585 3250 775 3313 praefecturae.
795 3250 1067 3304 Correrltblcrcerue.
1084 3277 1112 3289 -
1134 3251 1196 3302 dom
1208 3249 1373 3318 centorioi,
1392 3258 1410 3306 l.
1424 3269 1449 3308 e.
1469 3253 1576 3317 ertit,
1590 3267 1657 3314 non,

321 3329 352 3376 nt
370 3327 496 3382 narrant,
521 3321 584 3372 dum
599 3323 786 3371 centurionem.
815 3321 932 3373 Correrlt
952 3323 1065 3384 Lipsius.
1084 3346 1118 3357 -
1140 3325 1166 3374 ⁵.
1187 3325 1290 3376 cecinna
1308 3324 1347 3376 ti.
1368 3351 1399 3362 -
1422 3326 1502 3376 nictit
1519 3325 1558 3378 Μ.
1578 3351 1609 3364 -
1627 3325 1656 3377 8.

321 3394 386 3444 terra.
404 3392 449 3445 tir
468 3395 540 3444 imm.
560 3391 591 3441 Β.
610 3415 644 3426 -
670 3392 713 3442 10.
732 3404 856 3456 umgcom
873 3391 911 3443 bl.
932 3417 964 3429 —
983 3392 1026 3444 15.
1047 3391 1126 3455 cdpr.
1146 3393 1193 3445 it:
1214 3408 1292 3458 oppr.
1312 3395 1344 3449 Β.
1367 3419 1395 3438 ·-
1413 3397 1494 3448 exilio
1510 3397 1550 3448 ll·

324 3545 432 3598 Busan.
462 3569 492 3582 -
523 3539 726 3608 emulationis]
752 3557 812 3595 eum
836 3544 971 3606 Tbraeea,
1008 3545 1142 3606 bominac,
1163 3559 1244 3608 penes
1262 3562 1329 3613 quoe
1345 3561 1423 3603 nemo
1435 3558 1593 3616 quaereret,
1612 3553 1658 3606 rel

320 3621 571 3686 descripserim.
587 3623 631 3684 ro,
649 3623 693 3672 Β1.
712 3636 793 3688 sequ.
815 3625 931 3676 Thrasea
944 3626 971 3674 lu
1008 3625 1077 3687 epod
1098 3633 1233 3689 potentes,
1253 3643 1319 3692 once
1338 3643 1386 3694 per
1404 3633 1578 3686 ambitionem
1591 3636 1659 3684 ami·

322 3709 436 3756 mentem
446 3709 502 3753 tum
512 3705 615 3754 venisse
626 3703 739 3765 ridetur,
754 3705 815 3768 quia
827 3705 971 3768 generetur
1007 3718 1051 3757 coe
1068 3707 1117 3756 sibl
1137 3708 1357 3771 conciliaverant,
1389 3723 1470 3774 peace
1489 3726 1556 3776 quoe
1575 3725 1659 3776 quae-

324 3790 380 3836 erat
398 3781 554 3839 llelridlue.
573 3784 618 3846 qul
638 3784 677 3833 eic
694 3783 743 3833 eibi
762 3785 970 3846 contradiceret,
1007 3799 1064 3838 rere
1084 3799 1161 3838 ncnao
1180 3787 1304 3840 audebat.
1342 3790 1471 3844 Similiter
1489 3791 1593 3844 Plinius
1609 3791 1657 3852 ³6,

322 3861 789 3927 utipeeollm'ilrraeeae·1iurrerr.
817 3863 969 3925 motta.
1007 3865 1113 3925 ibitis
1132 3867 1480 3934 commemorassem,
1495 3873 1659 3934 totiecprtee-

355 3943 399 3994 iis.
419 3956 438 3993 o
446 3941 614 4006 praefectura
630 3940 756 4007 cobortta]
776 3945 821 4006 cni
835 3943 971 3996 dumtaxat
1005 3957 1063 4008 cepa
1082 3947 1197 3998 dotatis
1213 3955 1238 3998 et
1250 3949 1384 4000 Marianis
1394 3950 1531 4002 sodaliciis
1542 3954 1657 4016 respirac-

321 4025 422 4077 cohorti
450 4019 615 4083 praetueret,
644 4035 677 4074 ne
705 4023 968 4096 tribunatunqutdero
1004 4038 1065 4074 reem
1079 4027 1286 4088 provincialium
1302 4029 1397 4080 sinaei
1416 4029 1450 4080 lit
1469 4029 1577 4082 Tacitue
1596 4035 1655 4092 toea

321 4098 562 4156 milliuminnciue.
581 4125 611 4138 ·-
630 4102 693 4152 iuro
711 4100 872 4166 libertorum]
895 4105 968 4156 Bona
1004 4103 1037 4154 Α.
1053 4103 1097 4166 1³,
1117 4103 1169 4155 1³2
1188 4107 1364 4158 amomacum
1378 4109 1577 4174 cubiculumque
1594 4111 1658 4177 offe·

321 4185 373 4238 illie
392 4180 466 4235 reddi
485 4191 538 4231 non
557 4184 696 4241 poterant,
722 4185 815 4243 partlm
833 4191 968 4235 accusato·
1003 4182 1091 4243 rebct,
1111 4186 1210 4246 idest,
1230 4190 1272 4239 eni
1289 4188 1406 4240 cubiculi
1425 4189 1563 4242 latebram.
1593 4188 1656 4254 (Lea

322 4265 394 4318 ribos
412 4259 559 4314 secundum
579 4259 662 4324 legem
686 4261 762 4324 data,
789 4267 882 4324 partlm
905 4265 968 4315 fleca
1004 4259 1149 4325 offrcnebta
1173 4266 1311 4317 coebotent
1333 4267 1390 4317 leur
1412 4275 1510 4334 arpent
1527 4277 1603 4322 ectre
1619 4269 1657 4320 ise

321 4347 373 4396 iana
398 4345 483 4405 egenti
509 4339 616 4399 coliata,
648 4344 742 4403 partlm
767 4342 904 4393 altercare
923 4344 968 4396 ab·
1002 4343 1089 4392 moine
1107 4343 1243 4397 d'bnesoaea
1259 4345 1565 4413 obscoraoopctceorate.
1584 4349 1657 4402 Lon-

321 4428 434 4484 enmpta.
471 4418 559 4481 Quare
578 4420 638 4471 data
656 4421 719 4471 toro
743 4419 908 4483 liberiorem,
938 4429 968 4474 ut
1002 4419 1110 4486 andra.)

321 4504 418 4555 rererel
438 4503 479 4551 ine
497 4502 524 4551 ln
542 4498 649 4552 liberter
667 4511 729 4550 euoe
741 4499 883 4556 baberent.
903 4516 967 4566 qno
1037 4501 1081 4552 93.
1105 4500 1250 4569 principio]
1271 4505 1375 4568 locum,
1394 4506 1440 4558 ubl
1458 4509 1576 4560 universi
1591 4519 1656 4559 coa·

321 4593 380 4635 rum
398 4585 456 4634 erat
473 4579 561 4630 mulile
579 4578 671 4629 ciliciis
690 4583 813 4643 prosequi
829 4588 966 4643 patronum
1003 4583 1123 4632 venirent
1132 4585 1159 4634 ln
1171 4587 1329 4637 contionem.
1340 4589 1374 4637 Α.
1384 4587 1411 4649 1,
1422 4587 1655 4653 61.-ι·η(αωι·ῠιι

320 4659 378 4726 (cir.
398 4660 467 4712 dnn.
489 4659 531 4719 1³,
550 4656 622 4721 bd),
641 4655 789 4710 alereideo
809 4665 966 4723 nimirem,
1008 4659 1144 4725 Vaticani]
1173 4663 1206 4714 ob
1225 4669 1314 4718 aerem
1333 4672 1488 4730 corruptum
1506 4667 1652 4722 valetudini

321 4747 348 4792 et
371 4739 499 4791 bonorum
524 4743 622 4799 partem
648 4736 783 4789 dimidiam
810 4744 967 4792 testamento
1004 4743 1111 4792 nonium
1130 4748 1157 4792 et
1174 4742 1259 4796 lebret
1277 4749 1444 4811 gignentem,
1474 4747 1548 4811 qnod
1572 4751 1654 4800 etiarn

320 4818 481 4883 relinquere.
509 4816 615 4868 buren.
645 4841 674 4854 -
705 4817 857 4870 ambitiosos
882 4815 966 4884 aiom]
1005 4819 1083 4871 bodie
1101 4821 1217 4886 liomae,
1235 4826 1315 4877 modo
1332 4829 1360 4878 ln
1379 4827 1443 4888 lrac,
1462 4827 1541 4879 modo
1561 4829 1588 4878 in
1608 4827 1655 4882 tila

320 4899 415 4962 Figura
434 4898 573 4958 desumpta
592 4910 607 4948 a
626 4901 699 4960 togae
718 4900 794 4954 einu.
815 4901 967 4962 inquope·
1004 4897 1074 4949 urbis
1110 4903 1216 4965 regione
1252 4909 1433 4967 experiunturr
1476 4907 1651 4957 cotttrrera'n.

321 4981 425 5030 cuntem
453 4975 642 5029 recondebant.
679 4975 790 5039 Quintil.
809 4979 842 5038 i,
861 4980 893 5038 1,
913 4977 965 5030 3οε
1003 4977 1145 5030 Frontinus
1163 4981 1221 5033 Lib.
1235 4983 1262 5034 Β.
1283 4985 1316 5037 de
1328 4983 1452 5049 aquaso.
1466 4983 1581 5051 (Md.)
1597 4985 1655 5039 ruit

320 5069 416 5108 cetram
433 5058 463 5106 lea
480 5056 542 5106 dou
559 5055 791 5106 eicatnaeeaeruct.
826 5056 968 5109 abissent
1006 5057 1032 5107 ld
1062 5061 1228 5114 emendatum
1253 5066 1280 5116 in
1307 5071 1364 5117 tota
1387 5065 1454 5119 nrbe
1475 5079 1523 5119 ena
1547 5072 1653 5134 aetate,

321 5137 448 5204 pecuniae
458 5134 578 5198 reiapud
588 5135 720 5199 occultos,
737 5135 763 5187 id
774 5140 828 5200 eat,
842 5137 967 5192 obscuros
1003 5135 1384 5209 toqueabiutioneaquarnmr
1401 5143 1439 5200 tie
1449 5148 1654 5212 pemsei-
