3576 5880
481 460 601 528 unns
629 462 685 526 nr.
721 462 797 550 sap.
822 463 874 526 sa.
899 462 952 526 sn.
977 463 1029 528 sa.
1057 463 1109 528 se.
1408 466 1470 530 naa

132 639 233 688 rursus
252 620 325 688 illos
346 621 485 688 clamore
507 631 539 686 et
559 624 673 708 plausu
694 618 833 688 losebst.
878 623 1026 708 moilens
1046 642 1118 709 pars
1145 621 1243 690 altera
1271 621 1468 702 inclinasset,
1580 661 1581 666 κ

133 732 248 800 abditos
269 736 304 799 iu
326 732 463 800 tabernis
484 743 540 802 eut
559 738 587 801 si
609 755 704 822 quam
726 735 759 801 in
781 737 909 800 domum
932 734 1147 822 perfugerant,
1179 736 1249 800 erui
1270 735 1471 823 iugnlsriqne

132 848 360 935 expostulantes
381 856 470 933 parte
492 851 611 914 meiere
633 851 769 937 praedae
791 849 1012 933 potiebantur:
1032 869 1105 914 nam
1120 848 1219 915 milite
1232 854 1272 916 ad
1286 849 1471 935 sanguinem

132 969 160 1026 et
179 963 289 1028 eredes
312 959 449 1028 obverso
471 959 572 1045 spolia
601 961 635 1027 in
664 964 775 1047 volgus
804 959 969 1028 cedebant.
1023 982 1116 1028 sueva
1143 983 1180 1027 no
1208 960 1359 1029 deformis
1390 967 1471 1030 urbs

133 1083 191 1141 tots
205 1069 320 1142 lacios.
363 1075 438 1140 slibi
459 1074 579 1161 praelio
610 1086 642 1141 et
669 1075 815 1152 volnere,
848 1073 924 1141 alibi
956 1073 1099 1140 balineae
1129 1075 1348 1163 popinaeque;
1379 1075 1496 1142 simule

131 1206 219 1256 cruor
240 1195 273 1252 et
294 1196 397 1254 strues
424 1207 616 1272 corporum,
644 1186 731 1253 iuxta
760 1196 866 1254 scorta
894 1195 926 1252 et
957 1188 1069 1254 scortis
1097 1188 1233 1267 similes3
1262 1198 1417 1274 quantum·
1435 1189 1471 1256 in

130 1300 292 1368 luxurioso
313 1303 380 1369 otio
410 1298 594 1378 libidinum,
623 1299 776 1389 quidquid
804 1303 837 1368 in
866 1298 1068 1367 acerbissime
1094 1302 1271 1388 captivitate
1298 1303 1471 1378 scelemm‚

129 1435 262 1500 prorsus.
277 1423 314 1480 ut
335 1416 467 1481 candem
482 1413 641 1481 civitatem
664 1422 696 1480 ei
716 1412 823 1481 furere
846 1417 994 1480 crederes
1016 1423 1049 1479 et
1069 1414 1228 1480 lascivire.
1266 1415 1473 1482 condixerant

129 1536 194 1594 sote
215 1531 330 1593 srmsti
353 1530 512 1594 exercitus
533 1530 566 1592 in
587 1526 678 1604 urbs,
701 1527 750 1593 bis
771 1531 871 1594 Lucio
902 1528 999 1603 Sulla,
1029 1527 1128 1594 semel
1157 1530 1255 1595 Cinna
1280 1526 1470 1606 uictoribus:

129 1661 182 1706 nso
213 1649 297 1708 tunc.
320 1643 424 1708 miuus
454 1640 668 1708 crudelitatis:
704 1661 787 1708 nunc
808 1641 980 1708 inhumana
1014 1643 1181 1716 securitas,
1210 1651 1243 1708 st
1269 1661 1310 1707 ne
1341 1643 1471 1710 minimo
1480 1658 1509 1700 ιο

128 1753 249 1840 quidem
264 1755 417 1842 temporis
438 1757 615 1842 voluptates
638 1755 847 1823 intermissae.
872 1754 957 1822 velot
974 1754 1062 1822 lestis
1073 1753 1186 1821 diebus
1205 1754 1238 1821 id
1253 1776 1380 1842 quoque
1396 1775 1473 1839 gau-

127 1865 208 1933 dium
234 1871 421 1944 secederet,
458 1867 678 1946 exsultabant,
715 1867 921 1944 fruebantur,
959 1867 1044 1933 nulla
1073 1871 1211 1953 partium
1244 1889 1342 1945 cura,
1372 1870 1472 1935 'melis

127 1958 367 2066 publicis'laeti.

205 2095 265 2179 (ee)
289 2094 464 2161 Plurimum
485 2095 578 2162 molis
599 2095 632 2162 in
655 2095 888 2182 obpugnatione
909 2102 1087 2162 castrorum
1108 2095 1179 2173 fnit,
1204 2115 1284 2185 quae
1298 2097 1470 2164 acerrimus

126 2209 254 2296 quisque
277 2213 316 2274 ut
335 2208 539 2275 novissimam
561 2229 650 2296 spem
672 2209 858 2275 retinebant.
904 2231 943 2275 eo
966 2210 1115 2276 intentius
1136 2209 1284 2286 victores,
1300 2213 1510 2298 praecipuoti

126 2329 271 2388 veterum
293 2323 473 2388 cohortium
495 2321 612 2398 studio,
637 2329 748 2387 cuncto
771 2321 1032 2390 validissimarum
1054 2322 1181 2390 urbium
1197 2325 1328 2389 excidiis
1342 2332 1471 2411 repertu

125 2434 212 2500 simul
240 2436 434 2512 admovent,
466 2436 654 2501 testudinem
687 2442 843 2500 tormenta
869 2456 1005 2521 aggeres
1036 2435 1202 2525 facesque,
1240 2435 1394 2523 quidquid
1427 2445 1473 2504 tot

123 2550 247 2635 praeliis
272 2546 390 2614 leboris
411 2568 449 2614 sc
470 2546 603 2632 periculi
625 2547 810 2622 hausissent,
834 2568 931 2635 opere
952 2549 1007 2617 illo
1036 2552 1246 2618 consummari
1267 2550 1472 2617 clamitantes.

124 2665 233 2728 urbem
257 2664 380 2728 senatui
412 2681 449 2727 ac
478 2661 594 2749 populo
626 2663 782 2736 Romano,
816 2663 932 2750 templa
959 2663 1007 2730 dis
1038 2662 1178 2731 reddita:
1209 2667 1372 2752 proprium
1403 2684 1472 2731 esse

125 2775 227 2842 militis
250 2773 349 2840 decus
370 2777 404 2840 in
424 2774 546 2841 castris.
591 2774 677 2840 illam
699 2777 841 2862 petriam,
865 2775 936 2842 illos
959 2784 1100 2860 penates.
1125 2775 1158 2842 ni
1185 2776 1288 2843 statim
1318 2777 1509 2864 recipias-ss

124 2897 184 2966 tur,
207 2897 337 2955 noctem
360 2887 393 2956 in
415 2886 510 2955 armis
531 2885 696 2974 agendam.
721 2895 830 2954 contra
852 2887 1020 2964 Vitelliani,
1042 2909 1231 2977 quamquam
1260 2909 1395 2956 numero
1425 2891 1473 2957 ia·

123 3012 217 3088 toque
232 3004 394 3090 dispares,
416 3001 592 3089 inquietsre
614 3001 790 3076 victoriam,
806 3001 924 3067 morari
938 3021 1060 3088 pacem,
1077 3004 1191 3067 domos
1207 3022 1342 3089 arasque
1356 3023 1471 3071 cruore

123 3114 254 3182 foedus
276 3136 424 3203 suprema
445 3114 535 3180 uictis
564 3114 675 3181 solatia
701 3114 978 3201 amplectebantur.
1022 3113 1110 3180 multi
1140 3113 1341 3181 semianimes
1374 3137 1471 3204 super

123 3237 223 3296 turres
260 3235 293 3295 et
319 3229 554 3316 propugnaculo
581 3228 742 3293 moenium
769 3229 985 3315 exspiravere.
1017 3229 1174 3296 convolsis
1202 3228 1302 3316 portis
1330 3228 1471 3316 reliquus

189 3451 216 3502 5.
237 3449 323 3500 lorice
341 3447 379 3500 Μ.
401 3473 429 3488 -
449 3449 498 3499 ciii
514 3461 558 3511 pr.
577 3447 615 3498 bi.
636 3474 669 3486 -
687 3450 832 3512 popiuepue
850 3448 888 3500 bi·
910 3473 938 3486 -
967 3447 996 3498 u.
1015 3453 1119 3500 erueret
1137 3453 1161 3498 et
1178 3449 1217 3502 Μ.
1237 3473 1265 3488 -·
1296 3448 1325 3499 ’1.
1344 3450 1473 3517 quidquid

123 3520 166 3570 ii:
184 3519 315 3585 quicquid
334 3519 363 3568 b.
385 3519 461 3570 -1.
482 3520 543 3570 siitu
560 3519 599 3571 bi.
618 3545 652 3556 -
672 3519 716 3570 11.
736 3519 818 3570 osuit.
840 3520 877 3569 bi.
899 3544 931 3556 -
950 3520 1076 3585 [ursione
1094 3520 1210 3573 metebel
1228 3519 1332 3582 Lipsius
1352 3535 1404 3572 non
1423 3524 1473 3574 tm·

124 3591 255 3652 prebente
274 3590 413 3644 Ernesttus
434 3589 498 3640 nibil
518 3595 605 3642 temen
624 3589 726 3641 isicius.
746 3613 777 3626 -
806 3590 851 3640 11.
871 3590 930 3651 obp.
949 3591 998 3642 bt:
1027 3602 1088 3652 opp.
1109 3591 1140 3642 b.
1162 3615 1193 3628 -
1223 3592 1268 3641 15.
1286 3603 1360 3656 pres.
1381 3592 1419 3643 Μ.
1442 3619 1471 3631 -

123 3662 165 3710 t'i.
186 3659 321 3726 pus'dpuid
339 3661 383 3712 bis
405 3661 528 3726 puicpsu'd
546 3660 576 3709 ΙΙ.
595 3683 624 3696 -
643 3658 687 3709 18.
705 3661 930 3725 9111011111.-
948 3662 1102 3712 cousumurs'
1119 3662 1157 3715 Μ.
1176 3683 1209 3698 ·-
1227 3661 1271 3712 20.
1287 3676 1368 3727 pseu.
1387 3663 1425 3716 Μ.
1439 3689 1473 3699 -

123 3731 166 3782 13.
184 3732 262 3797 [ced.
279 3730 318 3782 Μ.
339 3752 372 3768 -
390 3727 484 3794 sepum
503 3731 538 3782 Μ.
560 3755 590 3767 -
609 3730 714 3781 solueiu
732 3731 768 3782 Μ.
790 3755 821 3768 -
842 3731 885 3781 11.
905 3744 965 3796 esp.
985 3731 1022 3782 bi.

124 3949 266 3996 sistorum.
289 3942 359 3994 Piiu.
380 3941 479 4006 Penes.
498 3940 549 3992 ³4:
569 3942 780 4008 Apuosoebumus
818 3946 861 3993 cet
887 3943 1021 3994 Vitrustus
1040 3942 1090 4002 1⁰,
1109 3941 1176 4002 19..
1208 3940 1386 4004 Sciendum,
1418 3956 1471 3998 uon

123 4031 146 4076 ei
162 4025 334 4090 fruebamur,
363 4036 420 4074 eum
437 4022 508 4072 uelut
523 4022 676 4085 piaculares
693 4022 780 4086 pubii-
818 4021 993 4084 Sebiiddocb‚
1020 4030 1050 4072 ut
1073 4026 1115 4075 cst
1133 4020 1163 4072 C.
1185 4022 1228 4072 27.
1255 4029 1282 4073 et
1306 4023 1350 4076 28.
1371 4049 1404 4060 -
1428 4039 1472 4076 su-

122 4117 169 4156 soe
192 4101 387 4154 sollicitudinis
410 4102 530 4153 sistimus
552 4126 592 4139 -·
615 4127 626 4141 ·
648 4101 686 4152 ed
709 4103 781 4152 teum
815 4100 920 4167 preme]
940 4105 1005 4156 bsec
1024 4110 1157 4167 temnusm
1175 4115 1318 4166 supreme,
1339 4104 1382 4155 tiis
1401 4105 1471 4155 sctit-

123 4185 257 4249 soppiieiu
275 4183 462 4246 paucioresque
486 4192 588 4245 poenus
615 4182 778 4233 discessurus.
817 4188 868 4241 cst.
888 4196 958 4248 ques
977 4185 1113 4236 tuflotttrts
1134 4184 1251 4246 espostts
1264 4189 1336 4234 sunt.
1356 4184 1470 4236 Eviden-

124 4263 250 4316 Weurn.
282 4262 316 4313 V.
336 4261 507 4313 essuucbsmr
523 4260 681 4314 relertnrsd
695 4269 779 4314 ester·
816 4265 915 4316 tissime
935 4265 1058 4317 videlicet
1076 4265 1195 4328 depingit
1220 4264 1342 4315 ultimum
1369 4276 1400 4315 ec
1424 4263 1470 4317 de·

124 4358 171 4396 uos
189 4350 275 4408 etque
293 4340 417 4394 omnibus
435 4343 591 4404 conspicuos
610 4344 777 4405 gestientium
816 4351 950 4406 speratam
972 4345 1173 4396 Vitellianorum
1199 4343 1331 4404 iurarem,
1366 4344 1468 4406 diceus,

125 4431 233 4484 moiun
252 4421 413 4488 mabuntur
439 4422 473 4473 sd
497 4423 626 4473 iuuenem
652 4428 679 4472 et
703 4427 777 4485 uuest
816 4424 848 4475 sd
877 4426 998 4476 ultimum
1026 4427 1083 4477 stus
1119 4435 1196 4477 crues
1227 4423 1261 4474 eb
1290 4425 1322 4472 its
1350 4423 1469 4478 bomtues

123 4517 250 4557 sanaem
268 4503 407 4554 isetitism.
432 4503 496 4553 Siue
515 4513 593 4552 cause
612 4515 637 4553 r.
656 4499 778 4562 sruebou·
816 4504 986 4557 obtroocstos
1014 4504 1165 4568 horumque
1193 4516 1286 4557 cruore
1312 4503 1404 4555 domos
1431 4511 1469 4556 st·

124 4593 170 4636 tus·
186 4591 218 4638 ut
236 4583 316 4635 nimis
335 4580 440 4642 debile,
461 4581 565 4645 Lipsius
579 4583 605 4631 in
620 4584 702 4642 prims
716 4582 779 4632 lidi·
816 4599 868 4650 que
889 4588 967 4637 etiem
987 4597 1044 4635 sres
1062 4585 1180 4637 toedetss
1198 4596 1267 4645 esse,
1288 4583 1385 4648 cuibus
1405 4585 1469 4637 tact-

124 4667 197 4717 ttoue
215 4676 242 4716 e.
263 4662 342 4714 1571.
363 4664 505 4724 ernanum
525 4663 731 4714 restitutumest
752 4665 778 4713 tn
817 4665 926 4717 naribus
958 4664 1058 4717 eisdem
1095 4677 1169 4716 susm
1198 4666 1272 4727 unsri
1301 4663 1377 4715 soleti
1403 4669 1466 4716 sint.

124 4745 176 4797 lid.
189 4743 319 4806 nossem.
338 4742 416 4795 1301.
816 4745 861 4796 Sic
878 4745 971 4797 iureu.
992 4741 1036 4803 13,
1057 4741 1127 4795 1⁸18:
1156 4755 1267 4807 corpore
1284 4747 1379 4794 truueo
1397 4745 1468 4795 luel·

158 4823 203 4876 ei.
225 4819 385 4886 rostrorum]
405 4822 573 4875 Prsetnrlsns
601 4822 709 4887 incedut
738 4826 778 4875 sir
815 4825 891 4876 diosc
908 4824 983 4874 dubit
1010 4823 1133 4874 minimus
1158 4822 1258 4874 solutio
1275 4825 1401 4889 suupuis,
1430 4823 1468 4876 Ac

21 4929 27 4939 ·
125 4910 351 4958 stituetmonere.
366 4903 434 4954 lieu.
449 4927 479 4940 -·
493 4902 782 4964 ueterumeobortium]
815 4905 934 4956 ctudictu
952 4903 1049 4953 bouum
1066 4905 1122 4954 citu
1138 4902 1280 4952 iucundius
1291 4905 1361 4966 ipso.
1381 4905 1467 4968 Quem

127 4988 354 5046 praetorisuorum
374 4989 604 5036 ersuctcrstorum
624 4995 639 5034 s
662 4982 777 5043 Vitellio,
816 4987 944 5050 picturam
963 4983 1135 5035 obsecravere
1151 4982 1268 5035 Primus
1286 4995 1317 5036 sc
1334 4984 1465 5047 bturetue,

126 5080 140 5117 s
160 5067 289 5118 Fierisnts
307 5063 358 5117 sub
376 5066 449 5127 sipus
477 5067 670 5114 revocatorum.
693 5086 724 5100 -
744 5068 779 5114 ie·
816 5069 1014 5144 proponentes:
1029 5063 1139 5127 [oedme
1153 5066 1230 5126 peius
1242 5063 1346 5116 l‘erleis
1363 5079 1466 5128 puseus.

126 5143 264 5212 seudum}
285 5149 343 5200 eius
362 5145 476 5210 seueris,
495 5154 563 5209 poss
578 5143 720 5196 crietcrios
732 5157 777 5198 ro·
815 5145 914 5198 Demos
940 5155 1056 5209 crusque
1082 5155 1177 5195 mucre
1207 5143 1310 5209 iusim,
1330 5157 1468 5210 -supreem
