3698 5886
580 469 698 538 cnm
716 469 743 536 1.
788 467 862 557 cap.
882 469 936 538 at.
959 470 1011 538 ac.
1035 470 1088 536 ac.
1463 471 1506 543 ar

164 647 276 717 aesque
290 629 458 717 cognorit,
479 629 584 715 pretio
597 628 806 717 etpromiesie
822 637 952 709 oneret,
975 633 1048 698 datu
1061 628 1195 717 pecunia
1215 628 1255 697 ed
1276 634 1504 716 pertentandot

163 741 300 831 plurium
329 745 464 810 animos.
498 763 666 831 suscepere
697 742 762 812 duo
792 743 1003 832 manipulares
1035 744 1204 832 imperium
1234 745 1342 832 populi
1371 745 1504 812 Romani

162 855 430 936 manslarendum,
461 864 496 924 et
516 857 753 926 memmerunt.
790 859 825 924 iu
845 859 1070 926 conscientiam
1092 856 1242 926 facinoris
1262 856 1356 942 pauci
1377 854 1500 924 adsciti.

162 988 332 1056 enipeum
353 977 534 1040 ceterorum
554 973 677 1040 animos
698 973 831 1041 diremis
852 971 970 1038 ariilsue
991 971 1167 1054 stimulaui,
1188 973 1348 1057 primores
1366 971 1502 1038 militum

161 1102 218 1171 per
237 1079 393 1152 mnemia
413 1086 594 1174 Nymphidii
622 1092 658 1153 ut
684 1092 862 1171 suspectae,
895 1087 1008 1171 volgus
1032 1093 1064 1154 et
1084 1091 1209 1152 ceteros
1230 1084 1279 1156 ira
1301 1092 1334 1151 et
1356 1082 1527 1169 despera-⁵

161 1195 246 1264 lione
267 1195 356 1264 iusti
377 1199 492 1264 totiena
513 1197 664 1268 donativi.
702 1207 792 1266 erant
811 1221 892 1285 quoe
914 1198 1067 1266 memoria
1088 1197 1224 1266 Neronia
1246 1219 1283 1264 ac
1304 1197 1502 1264 desiderium

159 1311 274 1398 prioris
296 1309 441 1378 licentiae
464 1311 662 1380 accenderet.
694 1312 914 1382 incommune
936 1332 1045 1379 omnes
1070 1320 1155 1379 metu
1176 1314 1344 1380 mutandae
1366 1309 1496 1410 militiae

161 1421 371 1494 terrebantur.
419 1423 481 1510 (26)
504 1425 613 1494 infecit
631 1447 669 1492 ea
691 1425 779 1494 iubes
800 1426 961 1512 legionum
983 1446 1111 1512 quoque
1133 1433 1167 1492 et
1187 1424 1376 1492 auxiliorum
1397 1431 1500 1492 motae

162 1539 223 1604 ism
244 1545 381 1616 menies,
415 1546 582 1628 postquam
610 1540 771 1625 volgatum
794 1547 862 1606 erat
883 1539 990 1606 labare
1013 1540 1191 1606 Germanici
1214 1540 1373 1604 exercitus
1393 1537 1501 1606 fidem.

163 1653 306 1740 adeoque
327 1661 439 1737 parata
459 1651 542 1740 apud
565 1651 664 1724 malou
685 1651 815 1730 ecditio,
836 1655 930 1720 etiam
953 1652 1036 1740 apud
1056 1653 1196 1739 integrat
1212 1652 1419 1720 dissimulatio
1432 1649 1502 1730 suit,
1514 1663 1545 1706 ¹⁰

161 1771 194 1836 ui
212 1773 341 1854 postero
362 1768 476 1835 Iduum
500 1763 644 1854 [dicrum]
669 1769 853 1834 redeuntem
866 1788 887 1832 a
900 1787 976 1834 cena
990 1767 1149 1833 Otlsonem
1163 1764 1286 1855 rupturi
1315 1764 1450 1842 luerint,
1471 1769 1505 1838 ni

227 1967 255 2018 1.
273 1966 333 2033 pitia
349 1967 388 2021 ai.
409 1991 442 2004 -
457 1969 676 2034 pertemptandos
693 1968 732 2022 ai.
753 1991 784 2006 -
806 1969 833 2020 ii·
854 1967 991 2032 apmpttdt
1008 1967 1046 2020 ll.
1066 1991 1101 2003 ·-
1127 1967 1152 2018 7.
1180 1967 1312 2018 commersi
1327 1966 1364 2020 Μ.
1387 1965 1505 2018 Correxit

161 2039 312 2090 lliseaauus.
336 2062 366 2074 -
385 2037 466 2089 militi
483 2038 636 2091 etrelaetor
653 2053 712 2092 eum
733 2040 779 2091 lln.
800 2040 827 2090 ln
846 2043 930 2100 primo
949 2045 978 2098 t,
1007 2039 1100 2097 idest,
1118 2038 1199 2089 militi
1217 2037 1413 2098 etmeiamur,
1433 2037 1504 2087 unda

161 2109 275 2169 licitene
294 2108 380 2162 edidit
402 2109 516 2162 militiae
543 2110 754 2164 accersiantur.
777 2134 807 2148 -
836 2110 880 2162 11.
903 2110 1004 2160 dieram
1022 2110 1060 2164 M.
1096 2108 1200 2161 Deiecit
1218 2108 1252 2160 de
1273 2108 1354 2172 ilpeti
1372 2110 1504 2160 sententis

160 2181 261 2240 uittam
287 2194 337 2246 epa
354 2180 470 2234 eaeiuel:
499 2181 541 2234 die
560 2193 619 2234 eum
638 2180 725 2234 Guett.
748 2179 810 2248 Apr.
830 2179 901 2245 spir.
921 2179 952 2232 B.
973 2201 1007 2218 -
1037 2177 1313 2234 menstruatam
1334 2177 1500 2234 waltherum

162 2251 273 2305 cienena
290 2252 353 2302 misi.

190 2435 234 2489 id.
252 2432 433 2501 emerammi]
450 2447 513 2489 aum
532 2437 603 2490 luter
618 2436 807 2500 speculatores.
848 2433 898 2487 luit
917 2433 1112 2495 dissimulatio,
1137 2436 1304 2487 taciturnitas
1323 2446 1415 2488 aarum
1435 2446 1503 2499 puo-

161 2519 203 2582 pui
220 2523 348 2569 tesseram
360 2512 400 2580 (1ο
409 2516 506 2580 parate
517 2517 558 2569 vei
575 2519 676 2569 iussum
689 2514 809 2581 aliquod)
848 2529 917 2578 pue,
937 2518 984 2578 qui
998 2517 1154 2580 ceteroquin
1173 2517 1310 2576 insontes,
1330 2521 1417 2569 teman
1436 2517 1504 2568 iudi·

159 2599 185 2648 in
203 2596 298 2650 tabells
317 2599 441 2660 scriptam
459 2595 492 2648 ab
511 2599 673 2662 imperatore
691 2596 727 2662 (1ο
747 2598 809 2664 lepl-
848 2598 918 2647 cium
937 2596 1040 2649 deterre
1059 2594 1195 2660 nolebant,
1214 2600 1278 2660 pais
1297 2595 1396 2648 Galbae
1416 2602 1503 2659 pertas

158 2677 250 2731 auibus
265 2691 282 2731 s
300 2671 418 2740 miliano)
436 2677 586 2741 accipiebat
603 2683 629 2730 et
652 2691 700 2741 par
718 2684 810 2730 uentu·
847 2680 938 2738 aperie
956 2677 1079 2740 amplecti
1098 2676 1170 2728 haud
1195 2681 1258 2729 estis
1286 2682 1373 2729 tutum
1399 2676 1503 2728 iudica·

157 2757 245 2810 barma
265 2756 414 2810 nuntiabat.
429 2756 536 2810 Bonna.
556 2756 624 2810 Plut.
645 2756 744 2810 (1.111
764 2753 810 2810 Ἐν
847 2754 1309 2821 bunt.»-pasaerciacamdiercm]
1318 2758 1466 2820 Utrumque
1476 2763 1503 2810 at

157 2835 186 2890 dl
202 2833 324 2902 τούτοις
350 2831 530 2910 Οὐετούριος
552 2837 602 2890 seui
625 2831 809 2910 Βάρβιος,ὀ
847 2836 948 2890 dieram
958 2838 1034 2892 attile
1042 2850 1102 2889 cuna
1112 2839 1363 2902 responsiunculam,
1373 2838 1503 2890 edietum

155 2917 208 2983 μὲν
225 2911 353 2975 antee,
373 2911 435 2970 ddi
447 2913 637 2990 τεσσεράριος
648 2912 739 2980 (οὕτω
751 2913 810 2986 γὰρ
846 2919 873 2968 in
883 2917 955 2970 aiod.
969 2924 1056 2969 artum
1070 2917 1176 2970 ridetur
1191 2919 1232 2970 val
1246 2933 1276 2972 es
1290 2918 1356 2971 iaisa
1368 2917 1446 2981 plaer-
1458 2915 1502 2969 rei

156 2995 315 3048 καλοῦνται
341 2996 373 3048 oi
388 2995 548 3064 διαγγέλων
570 2997 620 3047 seul
644 2994 809 3068 διοπτήρων
846 3010 878 3050 aa
891 2994 1086 3070 διττογροιφιᾳ
1098 2997 1149 3048 litt.
1165 2999 1379 3060 praecedentium
1397 2999 1501 3053 dcam.

155 3070 317 3148 ὑτηρεοίοις
338 3075 499 3142 τελοῦντες)
526 3074 586 3127 κτλ.
606 3101 636 3114 -
665 3070 808 3140 optionem]
845 3077 888 3128 die
912 3083 1000 3129 autern
1026 3079 1154 3129 correctio
1188 3079 1221 3130 ad
1258 3084 1377 3140 apertum
1410 3080 1503 3128 vitium

154 3155 246 3208 recu·
266 3166 294 3217 p.
314 3154 376 3208 181.
395 3155 509 3208 diaetis
532 3155 629 3219 aOptla
647 3156 675 3206 in
695 3169 723 3208 ra
742 3156 809 3206 mili·
846 3157 1012 3219 aliquatenus
1031 3157 1219 3221 obtegendum.
1246 3158 1285 3210 ii.
1304 3158 1445 3210 lectionem
1465 3159 1503 3210 iis

136 3236 200 3292 :tasi
218 3233 369 3298 appellatus
388 3237 421 3294 is.
441 3248 521 3300 quam
541 3236 652 3288 decuria
677 3241 723 3286 aut
748 3247 809 3286 cen·
847 3237 990 3290 detentere
1019 3244 1130 3288 conatur
1157 3237 1303 3291 naeinam
1337 3238 1423 3290 aldus
1447 3237 1502 3288 dies

155 3315 222 3366 turia
241 3319 319 3376 aptat
338 3313 433 3379 (alipii)
457 3316 508 3367 sibi
533 3328 622 3368 rerum
648 3318 808 3377 privatarum
847 3323 975 3369 reantur
992 3324 1052 3369 octo
1070 3317 1130 3371 iliae
1149 3319 1344 3380 pestilente.»
1372 3316 1426 3383 (Uti
1446 3318 1502 3370 eoi-

122 3383 139 3424 s
153 3393 357 3457 administrum,
386 3407 441 3458 pua
465 3395 566 3448 iaelliue
594 3396 673 3448 abest
702 3394 806 3458 publica
845 3397 959 3462 lipebant
989 3398 1050 3450 oiim
1069 3399 1188 3451 nonnulii
1208 3413 1240 3452 ex
1267 3399 1359 3450 lieret
1389 3397 1446 3450 Sat.
1472 3398 1500 3456 i,

134 3475 274 3530 ‚amans
297 3474 352 3526 Gir.
373 3475 444 3527 idam
464 3489 491 3539 p.
510 3474 572 3528 198.
592 3483 619 3527 at
638 3475 719 3527 Varro
734 3476 806 3538 apud
844 3478 872 3540 d,
892 3478 945 3531 752
965 3478 1188 3537 acinaticium,
1217 3479 1263 3532 ubi
1282 3484 1369 3531 tamen
1389 3485 1430 3531 aet
1447 3480 1502 3528 ein·

151 3553 267 3608 idacium
287 3569 314 3617 p.
326 3555 373 3607 68.
393 3556 613 3619 vaeneuntia
634 3555 808 3621 optiones
844 3557 911 3625 pulte
929 3558 1031 3613 idibus.
1051 3571 1120 3622 puae
1140 3572 1231 3612 amnes
1250 3561 1372 3612 incidunt
1390 3561 1417 3610 iu
1431 3564 1503 3610 octa·

153 3634 186 3684 ad
213 3633 337 3698 aptando
369 3635 513 3699 appellati,
551 3634 621 3699 pund
653 3635 807 3688 antecedam·
843 3653 905 3693 rum
931 3645 990 3703 post
1015 3639 1105 3692 Nonas
1133 3640 1214 3692 diem.
1234 3641 1328 3704 Nepua
1357 3652 1419 3693 aare
1446 3639 1501 3689 huc

151 3713 218 3764 titas
238 3713 408 3778 aspritudine
434 3715 596 3778 praepeditis
622 3716 649 3766 li
669 3720 807 3779 taaspcam
844 3720 908 3772 iacit
934 3720 1007 3771 iocus
1034 3731 1049 3772 a
1075 3719 1215 3773 Waithara
1243 3720 1338 3773 silstue
1366 3719 1500 3783 Spartianl

150 3793 376 3858 acumicorum
389 3795 673 3859 atpascicaritsatem
682 3797 807 3846 uniuersa
844 3799 928 3852 liade.
948 3799 981 3850 l:
1010 3799 1103 3862 paleato
1129 3799 1224 3850 iduum
1247 3797 1361 3866 depasti
1386 3798 1448 3856 die.
1473 3805 1502 3852 et

152 3886 256 3926 aurare.
284 3873 445 3937 Compensat
468 3881 587 3927 nastrum
612 3875 753 3939 adiutans.
773 3897 805 3912 -·
843 3892 919 3932 mou:
940 3879 1019 3930 tertia
1038 3879 1132 3930 iduum
1149 3879 1311 3939 earundeme
1330 3881 1376 3932 ubi
1395 3887 1436 3933 est
1452 3893 1500 3942 pra

152 3951 343 4018 mures]
363 3957 472 4020 mamati
490 3955 598 4016 milites,
618 3954 714 4018 putbue
736 3954 806 4006 usna
842 3961 923 4022 magis
941 3957 1019 4010 salita
1037 3961 1163 4022 putatam
1179 3983 1190 3998 ·
1209 3984 1220 3998 ·
1238 3961 1353 4021 tactem,
1373 3967 1496 4022 utsupra

154 4035 262 4086 muitum
282 4036 436 4097 superiores
452 4042 528 4091 erant
545 4037 666 4098 optiones
681 4045 713 4086 ae
725 4040 807 4086 tesse-
844 4036 874 4090 G.
889 4037 938 4089 ait:
959 4041 1082 4102 paccatum
1100 4038 1167 4089 idus
1185 4040 1331 4092 lanuarias
1349 4046 1376 4092 et
1388 4041 1438 4093 iace
1452 4053 1499 4103 pro

155 4115 221 4166 rarii.
234 4115 373 4166 iacinctis
384 4122 475 4168 sutem
487 4116 670 4182 indignitatem
682 4115 734 4166 itae
746 4117 805 4178 ipso
843 4117 957 4182 legitima
974 4115 1087 4169 iormuia
1106 4121 1168 4168 aesta
1183 4120 1253 4172 diem
1270 4125 1394 4185 penetrem
1407 4117 1495 4180 idas.)

157 4207 179 4244 r.
197 4193 298 4248 deiecto
316 4206 415 4260 supera
432 4194 544 4248 studuit.
565 4195 690 4247 catarum
714 4193 805 4246 dtiiert
844 4197 925 4248 anne
944 4197 1003 4247 loeo
1022 4199 1043 4249 st
1062 4201 1149 4259 captae
1170 4197 1203 4251 de
1222 4200 1267 4251 dia
1283 4200 1348 4252 idus
1366 4206 1496 4263 sequente

156 4271 226 4326 duat
245 4275 310 4328 otiu.
328 4276 362 4326 δι
381 4276 470 4340 prima
488 4277 644 4340 pasicpue
661 4275 805 4338 spsmelata·
842 4275 895 4342 (11.
916 4277 942 4328 d.
956 4275 1038 4338 lau).
1053 4277 1129 4340 plane
1143 4279 1278 4331 insolitum
1294 4281 1400 4332 dicendi
1414 4292 1497 4344 penus

154 4353 222 4406 rides
242 4357 385 4408 mmmdcc
408 4361 446 4408 est
472 4368 523 4406 res.
547 4379 582 4390 —
606 4367 656 4418 par
682 4355 803 4421 beneficia
841 4359 974 4410 statueris.
1001 4356 1052 4408 Pro
1078 4358 1271 4414 cousuetudine
1296 4358 1346 4424 (i)
1364 4360 1497 4420 aspliean-

151 4431 311 4498 dmitdii]
332 4434 363 4486 id
382 4442 431 4497 aet,
452 4437 497 4498 pui
517 4436 632 4497 promoti
651 4439 740 4487 assent
756 4447 804 4497 par
841 4439 904 4490 dum
921 4441 1026 4503 postera
1044 4438 1141 4489 ideam
1159 4436 1235 4502 (puae
1254 4440 1338 4502 diuite
1372 4441 1496 4492 nimirum

153 4513 341 4578 Nymphidium
369 4515 531 4578 praelectum
548 4515 589 4580 (C·
606 4511 657 4578 5.),
676 4527 721 4566 aas
740 4517 805 4567 iucl-
840 4519 918 4570 tertio
936 4513 995 4580 (11.
1012 4518 1039 4566 d.
1059 4515 1129 4582 lan.)
1158 4526 1217 4580 pest
1239 4531 1299 4570 aum
1325 4531 1404 4580 poam
1431 4519 1497 4571 alsit

152 4599 203 4645 isra
221 4603 248 4646 ot
265 4596 388 4654 tratura.
408 4600 437 4646 ut
455 4593 555 4647 Gelbes
569 4601 718 4657 suspectas,
739 4597 803 4657 puis
841 4596 933 4649 stitis
953 4599 1336 4661 puartumldassicaaarias.e
1347 4598 1379 4648 11.
1398 4598 1495 4651 Nostra

151 4673 336 4740 liynplttdlum
354 4676 468 4728 inrisum
488 4677 537 4739 ipsi
551 4676 704 4730 sustulerat.
725 4675 801 4728 Ltus.
840 4691 871 4730 es
890 4679 1001 4738 ratione.
1022 4677 1110 4730 delato
1129 4691 1153 4731 r.
1173 4680 1267 4731 vitiose
1285 4676 1398 4732 dieram,
1420 4680 1494 4741 prius

151 4779 179 4792 -
195 4755 346 4808 metandae
361 4753 489 4821 miiitiae]
507 4769 541 4809 na
565 4769 612 4820 per
630 4757 745 4821 iepionee
764 4757 803 4806 dt·
840 4758 978 4808 consilium
1005 4759 1129 4809 omissum
1154 4757 1250 4808 incidit
1284 4759 1312 4807 in
1337 4755 1411 4808 iiix.
1431 4759 1492 4811 Kal.

152 4841 226 4897 sparsi
245 4839 274 4888 la
300 4837 451 4899 prouincias
470 4839 727 4898 transmitterentur,
756 4837 801 4889 ubi
839 4837 930 4896 Febr..
950 4834 1093 4898 (tt.1sn.)
1113 4837 1183 4887 diem
1202 4840 1264 4887 ante
1283 4839 1364 4897 ipsam
1385 4838 1494 4892 eaedem

122 4947 128 4957 ‚
150 4915 234 4969 militie
252 4917 341 4970 nauita
360 4916 510 4968 adstrictior
527 4923 607 4984 atpua
626 4917 735 4978 durior,
753 4918 802 4968 mi·
841 4921 979 4979 patratam.
999 4912 1078 4978 Quod
1097 4922 1188 4968 autem
1207 4917 1292 4967 dicit:
1312 4917 1396 4968 molta
1408 4931 1495 4969 eram·

126 5045 129 5052 .
147 5009 206 5050 tura
223 5001 308 5050 etism
328 4996 477 5060 stipendio.
837 4995 923 5060 pectis
934 4994 1157 5060 seditionissipma
1168 5007 1217 5058 per
1229 4997 1348 5047 conscios
1360 5009 1494 5060 apprsesa,

173 5075 217 5130 16.
235 5073 432 5141 dissimulatio]
447 5089 478 5130 es
489 5089 516 5128 r.
527 5079 629 5140 parata
640 5077 800 5142 capitatione
839 5074 909 5129 raiae
925 5072 960 5124 sd
979 5084 1071 5127 omues
1089 5074 1146 5126 tiles
1165 5083 1224 5139 poet
1237 5077 1409 5139 adaptionem
1423 5078 1493 5141 dies.

140 5159 342 5228 supplendam:
379 5156 459 5211 siam
486 5161 636 5220 opportuna
655 5158 800 5210 coniuratis
838 5157 907 5208 inter
933 5151 980 5206 iv.
1013 5153 1055 5207 id.
1082 5153 1141 5207 lsn·
1171 5163 1199 5210 et
1220 5155 1294 5211 Xix.
1312 5158 1375 5212 Kal.
1400 5157 1492 5222 i‘elsn,
