3630 5880
529 484 659 550 ‘muli
679 484 718 554 ii
760 482 1064 572 Cap.tii.11.1b.
1427 485 1466 552 iii

130 663 195 721 sue,
218 641 372 734 quoniam
391 643 495 732 prima
510 643 714 712 consiliomm
732 642 848 712 frustra
867 644 1061 720 ceciderant,
1083 649 1281 732 transgresso
1296 644 1359 710 iam
1374 643 1469 731 Alpes

131 757 275 833 hacine,
300 778 396 844 quem
419 757 486 825 sisti
505 756 589 824 intra
612 757 725 825 Galliae
746 777 841 845 posse
860 767 1052 845 speraverat.
1075 757 1179 845 ipsam
1199 758 1357 825 Othonem
1373 757 1471 825 comi·

128 873 266 936 iabaotnr
286 869 522 958 speculatorum
544 873 623 938 lecta
644 890 799 959 corpora,
834 893 907 937 cum
934 870 1047 940 ceteris
1075 871 1243 959 praetoriis
1265 869 1468 948 cohortibus,

129 984 261 1050 veterani
276 1006 295 1050 a
310 985 491 1073 praetorio,
514 986 717 1054 classicorum
740 987 851 1072 ingene
872 1005 1034 1054 numerus.
1058 985 1184 1052 necilli
1209 1005 1306 1072 segne
1325 992 1381 1052 ant
1400 1005 1472 1051 cori·

128 1105 250 1182 mptum
270 1096 354 1166 luxu
367 1097 444 1176 iter,
465 1101 521 1165 eod
536 1098 635 1167 lorica
648 1097 752 1166 ferrea
766 1121 842 1168 usus
863 1107 926 1177 est,
949 1107 981 1166 et
1000 1108 1073 1166 ante
1095 1101 1186 1186 signa
1208 1103 1374 1187 pedester,
1397 1103 1510 1168 bor-s*

128 1213 221 1288 ridor,
241 1213 444 1299 incomptus,
466 1211 632 1302 famaeque
649 1212 819 1282 dissimilis.
865 1211 926 1299 (ta)
950 1211 1169 1281 blandiebatur
1190 1213 1312 1300 coeptis
1326 1214 1468 1290 lorinus,

128 1344 263 1412 possessa
279 1345 341 1413 per
354 1347 440 1394 mare
459 1335 490 1396 et
507 1347 604 1394 nares
623 1329 744 1395 maiore
761 1328 868 1394 ltaliae
884 1335 993 1415 peric,
1015 1329 1140 1415 penitus
1154 1347 1257 1413 usqua
1279 1330 1320 1393 ad
1339 1325 1467 1394 initium

128 1438 349 1506 maritimarum
371 1439 510 1526 Alpium.
546 1443 663 1527 quibus
690 1439 844 1508 mutandis
870 1439 1167 1530 adgrediendaeque
1188 1439 1370 1528 provinciae
1392 1443 1472 1506 Nar·

129 1554 250 1618 barensi
270 1551 425 1622 Suedium
449 1555 660 1628 Clementem,
693 1556 863 1620 Antonium
888 1555 1073 1632 Nouellum,
1107 1553 1276 1622 Aemilium
1300 1556 1470 1621 Pacensem

129 1662 216 1730 doces
237 1664 382 1734 dederat.
419 1671 476 1734 aed
495 1667 640 1734 Pacensis
661 1689 720 1753 per
736 1667 894 1734 licentiam
918 1667 1051 1735 militum
1073 1670 1215 1746 vinctus3
1247 1667 1512 1735 insaniores·

127 1777 202 1844 aelio
221 1779 308 1848 nulla
337 1781 521 1848 auctoritas:
552 1783 687 1847 Suedius
717 1779 861 1851 Clemens
888 1783 1058 1848 ambitioso
1087 1781 1223 1866 imperio
1255 1779 1403 1866 regebat,
1436 1787 1473 1850 ot

128 1893 269 1960 adversos
301 1896 490 1962 modestiam
519 1895 702 1981 disciplinae
731 1903 918 1980 corruptos,
955 1897 1000 1962 ita
1018 1897 1216 1982 praeliorum
1245 1897 1369 1963 aridus.
1406 1913 1472 1964 noo

128 2007 208 2074 ltalia
225 2005 309 2074 adiri
332 2027 392 2074 nec
412 2007 481 2074 loca
503 2009 657 2096 sedesque
680 2011 800 2094 patriae
825 2006 1029 2076 videbantur:
1052 2016 1211 2097 tamquam
1225 2017 1357 2075 externa
1377 2007 1470 2075 litora

128 2127 156 2184 ct
172 2118 266 2186 urbas
290 2121 432 2189 bostium
454 2140 566 2198 urere,
589 2131 729 2198 vastare,
752 2142 883 2209 rapere,
911 2143 951 2188 co
973 2123 1111 2189 atrocius
1131 2120 1218 2209 quod
1239 2121 1318 2190 nibil
1337 2142 1470 2207 usquam

127 2233 282 2320 provisum
296 2237 467 2302 adversum
486 2246 601 2302 metue.
625 2234 710 2322 pleni
730 2237 813 2321 agri,
835 2243 965 2321 apertae
980 2234 1103 2303 domus.
1128 2243 1331 2303 occursantes
1351 2234 1509 2304 dominiis

128 2347 206 2414 iuxta
227 2350 382 2434 coniuges
401 2357 433 2414 ei
448 2347 566 2416 liberos
579 2347 746 2416 securitate
766 2351 851 2436 pacis
875 2356 907 2414 et
928 2346 1003 2417 belli
1025 2347 1108 2416 melo
1129 2350 1466 2417 circumveniebantur.
1510 2379 1549 2460 ‘f

128 2461 290 2526 maritimas
308 2469 376 2529 tum
397 2460 492 2549 Alpes
510 2459 636 2528 tenebat
652 2469 839 2547 procurator
856 2461 974 2530 Marius
994 2467 1146 2531 Maturus.
1182 2462 1210 2529 is
1235 2463 1356 2529 concite
1379 2471 1471 2548 gente

128 2575 191 2649 (nec
212 2576 302 2640 deest
324 2573 485 2656 iuventus)
512 2595 623 2641 arcere
650 2577 835 2658 provinciae
866 2575 981 2644 linibus
1009 2576 1204 2642 Othonianos
1235 2574 1375 2644 intendit.
1414 2579 1480 2644 sed,

128 2688 221 2770 primo
247 2689 374 2773 impetu
399 2690 481 2754 caesi
507 2688 691 2775 disiectique
714 2687 874 2767 montani,
897 2697 933 2755 ut
955 2688 1070 2775 quibus
1088 2698 1207 2758 temere
1230 2688 1383 2766 collectis,
1405 2711 1471 2756 non

191 2869 216 2920 2.
237 2872 332 2922 camna
348 2869 388 2921 Μ.
410 2897 439 2908 -
472 2872 498 2923 5.
516 2871 634 2934 pedestre
653 2871 690 2922 Μ.
720 2897 753 2910 -
779 2872 808 2922 7.
829 2878 854 2923 et
872 2885 953 2922 nucea
972 2879 996 2923 et
1014 2873 1118 2924 maiora
1137 2873 1175 2924 Μ.
1205 2897 1239 2908 -
1265 2877 1357 2935 parias
1381 2871 1418 2924 ii.
1440 2896 1469 2912 -·

130 2938 209 2993 lisbai
224 2943 334 3004 penitam
351 2954 431 3006 maus
449 2941 492 2998 ii.
513 2955 586 3003 aon,
616 2947 646 2993 ut
664 2945 826 3006 significasse
845 2943 950 2994 ridetur
969 2944 1119 3002 victorina,
1150 2944 1223 3004 penit
1241 2956 1323 3006 nequa
1341 2942 1381 2992 eei
1397 2943 1472 3004 pani·

128 3016 219 3076 imaue.
242 3037 275 3050 —
295 3012 324 3064 8.
345 3012 506 3076 temptandis
523 3013 560 3064 ii.
583 3039 612 3050 -
640 3015 814 3065 narbonensis
831 3015 867 3066 Μ.
891 3037 919 3050 -
947 3013 973 3064 ii.
993 3014 1110 3064 emittam
1126 3013 1165 3064 Μ.
1187 3037 1219 3049 -
1251 3015 1294 3066 12.
1320 3013 1472 3078 corruptius

127 3079 160 3132 ii.
179 3107 208 3118 -
227 3081 272 3133 ie.
294 3081 381 3134 oditis
399 3083 437 3134 Μ.
459 3110 489 3122 -
510 3083 591 3134 litora
608 3081 656 3136 ii:
677 3085 770 3136 littora
789 3084 819 3138 B.
841 3109 872 3121 -
892 3084 935 3134 i'i.
955 3085 1039 3134 marti
1055 3090 1171 3135 mustum
1188 3081 1227 3136 Μ.

127 3243 214 3308 batur,
244 3245 413 3299 Placentiam
442 3253 469 3300 et
492 3245 678 3300 Cremonama
705 3249 775 3301 liar.
849 3247 893 3299 12.
912 3243 1003 3312 naues]
1024 3247 1119 3300 classes
1138 3249 1317 3301 Misenensem
1331 3252 1358 3301 et
1369 3246 1472 3299 Barea·

127 3325 275 3389 elltraeoue
286 3327 350 3379 Padi
365 3332 437 3391 ripae
451 3330 482 3379 tie
494 3331 522 3380 in
540 3329 619 3386 locis.
641 3330 687 3380 ubi
698 3329 778 3382 Vitel-
817 3336 915 3380 natam.
932 3354 960 3366 -
975 3331 1177 3380 maritimarum
1188 3325 1305 3393 Alpium]
1321 3331 1472 3392 provinciae

127 3405 193 3456 lisata
206 3409 477 3469 transimennum,
492 3418 636 3473 occupatae
647 3424 661 3461 a
672 3409 777 3462 duobus
817 3409 949 3460 Romanae
958 3409 992 3461 ad
1007 3417 1146 3473 utramque
1158 3410 1220 3459 Vari
1231 3414 1314 3472 ripam
1324 3411 1390 3459 sitae
1401 3415 1427 3461 et
1436 3408 1470 3460 ad

128 3486 245 3546 duribus:
271 3488 409 3548 australia.
429 3492 777 3552 quoniamaseptentrioue
816 3489 948 3539 liutubam
973 3489 1000 3538 ii.
1029 3490 1152 3552 duasque
1171 3489 1294 3553 Liguriae
1321 3496 1469 3550 porrectae.

127 3568 260 3619 sariebant
283 3568 418 3620 Vitelliani
437 3568 538 3622 Padum
561 3573 713 3627 transituri;
738 3582 779 3621 se·
817 3569 916 3620 lisdem
936 3573 1099 3621 contermina
1124 3571 1280 3631 procinctae
1303 3569 1472 3620 Narbonensi

128 3649 323 3706 pteetrionaits.
344 3654 374 3697 ut
393 3648 509 3713 legiones
529 3663 543 3700 a
562 3649 692 3700 Dalmatia
710 3650 778 3700 Pan·
816 3649 961 3708 secundae.
981 3663 1061 3713 quae,
1075 3654 1098 3701 ei
1111 3653 1240 3701 rationem
1254 3651 1319 3701 situs
1333 3651 1470 3710 babuerit,

129 3729 250 3789 raniaaae
275 3729 411 3780 venientes
429 3732 485 3780 siae
502 3729 620 3791 periculo
638 3741 698 3780 cum
718 3731 779 3780 reii·
817 3733 900 3792 prima
930 3733 1101 3794 proximaque
1129 3731 1308 3781 ltomaaarum
1337 3733 1472 3793 provincia

130 3807 301 3868 oaootbouie
314 3811 431 3860 exercitu
445 3811 627 3875 iungerentur,
647 3808 725 3860 simui
744 3821 777 3860 ne
818 3813 844 3860 in
863 3808 954 3861 Galliis
968 3809 1034 3865 luit,
1057 3810 1126 3861 dieta
1142 3813 1221 3862 etiam
1236 3809 1326 3862 Gallio
1340 3810 1471 3860 Bracata.

129 3885 200 3937 bassis
214 3889 779 3951 niratatransirapossas.»1trcr.aseae
816 3889 870 3942 cir.
894 3891 925 3949 1,
955 3887 998 3938 61.
1024 3891 1094 3940 Ara.
1121 3892 1172 3950 io,
1200 3891 1244 3940 2³.
1275 3891 1410 3942 bursari-
1437 3915 1470 3930 -·

129 3968 367 4032 raniaproetoriol
381 3968 611 4035 Distinguoatura
626 3969 778 4024 cohortibus
817 3969 941 4020 Sardium
959 3966 1023 4034 cen]
1043 3971 1084 4022 lia
1103 3971 1143 4021 bie
1161 3984 1241 4035 supra
1260 3970 1360 4022 dictum
1379 3972 1405 4032 1,
1423 3969 1469 4021 87.

129 4053 272 4109 iateranie3
293 4055 321 4100 et
343 4056 431 4106 recte.
455 4055 518 4112 ooia
538 4057 720 4102 exauctoratos
740 4053 779 4100 in·
817 4075 846 4086 -
859 4046 1013 4113 corruptas]
1028 4052 1131 4102 «animo
1145 4053 1170 4102 ia
1181 4051 1352 4102 ambitionem
1363 4047 1471 4113 (dams-

130 4126 229 4190 teiliait,
249 4129 778 4192 aequiposieadecimstipendiababe·
815 4128 906 4190 aucit)
943 4135 1068 4190 corrupto
1103 4131 1250 4182 modestam
1287 4143 1318 4182 ee
1349 4141 1469 4183 asseram

130 4203 215 4257 bantur
225 4207 278 4260 sub
292 4207 396 4264 resilio.
410 4221 462 4260 non
478 4211 556 4261 aiitar
570 4222 649 4274 quam
663 4211 777 4274 legions·
816 4208 980 4270 disciplinam
995 4209 1100 4262 dissolri
1113 4212 1231 4264 siccana
1243 4211 1349 4263 bonr-
1364 4211 1472 4273 bnpiex

130 4285 320 4338 rii.ctr.adi.
333 4288 414 4346 1,17.
433 4287 655 4352 Atooebineeiu
669 4291 777 4354 legioni·
816 4292 896 4352 tritor
915 4293 1007 4340 sitiam
1026 4294 1054 4341 in
1073 4304 1105 4343 eo
1124 4298 1246 4343 ootasmr
1268 4299 1314 4342 ant
1333 4294 1411 4342 nimis
1431 4294 1470 4341 ia·

130 4365 173 4416 bas
184 4368 251 4419 eitra
266 4368 444 4421 censebantur
457 4381 506 4421 aee
519 4371 555 4422 iiii
572 4373 598 4422 to
611 4370 774 4422 coboriibus.
816 4367 926 4432 dulgere
947 4383 1007 4435 erra
1026 4371 1135 4431 anilitas.
1157 4374 1191 4422 ita
1211 4375 1369 4425 temerarius
1384 4378 1468 4423 erata

130 4445 195 4500 brea.
218 4449 298 4508 Sunt,
314 4448 776 4511 auoeG.ld.oeaiilariossoeat.-
815 4448 939 4502 Ceterum
958 4451 1031 4503 bled.
1050 4454 1201 4515 comptius
1218 4452 1312 4504 eodem
1331 4465 1361 4504 er
1381 4463 1469 4504 errore

130 4527 289 4580 classicorum
298 4531 389 4594 inpane
397 4527 533 4595 nummos]
553 4531 658 4592 Subiit,
674 4533 778 4596 anesin
815 4542 846 4581 ac
864 4529 894 4580 C.
914 4529 957 4580 2³.
974 4533 1125 4595 promptius
1143 4544 1189 4594 pro
1199 4538 1351 4596 promptas.
1365 4555 1396 4568 ·-
1410 4531 1471 4582 iaco

129 4619 241 4661 numos
260 4613 368 4674 quidem
388 4609 500 4674 lesionis
527 4619 709 4675 comparuerat
734 4611 776 4675 (1,
815 4606 946 4675 sedesque]
977 4610 1142 4675 ilomonyme
1171 4615 1270 4671 inurit.
1302 4625 1356 4675 ouo
1387 4611 1470 4662 lector

130 4687 192 4750 ti).
214 4690 261 4740 aed
280 4694 326 4752 oui
347 4692 374 4741 in
392 4695 490 4742 iustam
511 4692 639 4755 legionem
658 4692 776 4742 nondum
815 4691 953 4752 aliquanto
972 4691 1074 4742 diutius
1087 4695 1272 4742 immoraretur
1284 4694 1310 4742 iu
1326 4691 1468 4744 miserabili

131 4773 404 4828 enataanseripsi.—
422 4769 521 4835 [mea]
536 4784 587 4822 non
602 4773 697 4833 lintea,
712 4772 775 4822 mol·
816 4772 864 4822 bac
883 4775 995 4834 imagine
1014 4770 1106 4822 ltaliae
1124 4771 1157 4822 ab
1178 4773 1241 4833 ipsis
1259 4771 1333 4822 ltalia
1347 4773 1469 4836 depopu-

131 4846 188 4899 iiore
198 4862 227 4901 ao
236 4850 389 4902 leviore-
400 4849 532 4915 pedester]
543 4852 659 4904 Pedibus
671 4853 777 4904 incede·
817 4853 893 4902 latae.
914 4852 955 4900 id
976 4865 1000 4902 v.
1020 4850 1177 4901 modestiam
1198 4849 1244 4900 eir.
1265 4850 1335 4902 dnn.
1355 4854 1387 4910 1.
1415 4853 1467 4904 biis

132 4925 482 4982 batmoreeeieromducom
494 4932 773 4984 Romanoruml'rcu.
814 4933 859 4981 ubi
875 4930 1005 4981 modestia
1030 4931 1176 4980 militaris?
1200 4929 1245 4981 obi
1269 4933 1365 4982 osteis
1390 4933 1468 4984 disci·

132 5030 157 5044 -
170 5006 325 5074 incomptus]
338 5008 502 5064 Contrarium
517 5011 596 5063 tradit
606 5013 736 5064 ioreaaiie
747 5014 774 5070 1,
813 5011 904 5074 plinae
916 5009 1014 5060 deensi
1026 5033 1056 5046 -
1076 5015 1100 5059 et
1115 5009 1177 5060 beiti
1186 5007 1269 5074 maio]
1282 5011 1469 5080 βραχυλογία

133 5085 190 5138 toa:
212 5089 259 5140 lies
276 5091 535 5142 memorandanoois
547 5093 777 5155 annatibnsataus
816 5090 995 5155 provulgari:
1034 5095 1076 5140 sei
1095 5095 1187 5140 contra
1213 5096 1372 5153 necopinato
1402 5092 1465 5146 beiti

132 5169 776 5234 animumanimumumnodsaaermnataisi.
815 5171 911 5226 maia.»
932 5192 964 5210 -·
983 5165 1098 5235 Mamas]
1118 5167 1172 5222 Cir.
1190 5167 1219 5231 d,
1237 5169 1283 5226 11.
1302 5171 1347 5228 ii.
