3582 5880
311 426 373 492 eei
684 423 872 492 CORNELII
893 421 1026 490 TAGITI
1047 422 1280 488 ceruariae

310 584 401 651 nerii.
431 605 524 650 nemo
547 583 629 650 enim
651 584 715 650 iilic
736 582 811 650 vitia
832 582 933 661 ridet,
962 601 1022 648 nec
1042 601 1245 668 corrumpere
1268 590 1301 647 ct
1322 581 1486 670 corrumpi
1507 581 1638 649 seculum

311 706 452 765 vocatur.
488 695 602 764 melius
630 695 758 783 quidem
786 700 888 764 adbuc
914 716 971 762 eae
998 695 1139 762 civitates
1166 693 1200 761 in
1226 693 1340 781 quibus
1365 703 1488 761 tantum
1509 694 1638 780 virgines

311 808 433 877 nubunt
454 821 484 877 et
507 831 578 875 cnm
600 829 655 896 spe
676 818 813 896 votoque
834 811 945 877 uxoris
966 809 1066 875 semel
1087 809 1281 892 transigitur.
1306 809 1351 873 sic
1371 827 1470 873 unum
1492 807 1638 892 accipiunt

310 925 455 989 maritum
476 921 636 1008 quomodo
658 943 756 990 unum
777 943 892 1012 corpus
914 943 1071 1009 unamque
1093 921 1208 996 vitam,
1233 941 1273 986 ne
1294 919 1359 987 ulia
1380 919 1530 1007 cogitatio
1550 921 1635 999 nitra,

175 1065 183 1088 ·
289 1056 350 1104 ane
371 1038 496 1122 longior
527 1037 695 1123 cupiditas,
729 1059 768 1102 ne
798 1045 955 1120 tamquam
978 1036 1124 1100 maritum
1146 1036 1202 1099 sed
1223 1040 1383 1119 tamquam
1415 1031 1641 1100 matrimonium

310 1156 424 1215 ament
446 1169 613 1216 numerum
633 1149 805 1216 liberorum
827 1147 916 1214 finire
938 1156 992 1214 aut
1013 1167 1203 1233 quemquern
1228 1165 1269 1212 cx
1290 1149 1411 1230 aquatis
1433 1167 1548 1212 nocam
1561 1144 1642 1232 flagi-

309 1262 386 1327 tium
407 1260 561 1340 babetnr3
596 1261 731 1346 plusque
758 1260 806 1326 ibi
834 1263 909 1326 boni
938 1279 1043 1326 mores
1073 1258 1176 1325 valent
1203 1279 1298 1345 quarn
1325 1259 1401 1324 alibi
1423 1262 1530 1326 bonae
1550 1259 1637 1345 leges.

310 1373 372 1458 (ab)
393 1375 426 1439 in
448 1375 534 1439 omni
555 1377 651 1440 domo
671 1371 748 1438 nudi
769 1393 805 1438 ac
826 1373 945 1438 sordidi
966 1373 1000 1438 in
1022 1371 1080 1438 bos
1103 1380 1211 1449 artus,
1235 1372 1268 1436 in
1289 1375 1367 1438 haec
1390 1391 1544 1458 corpora,
1567 1393 1640 1460 qnae

310 1488 481 1564 miramur,
505 1494 700 1553 excrescunt.
728 1505 785 1552 sua
807 1505 964 1573 quemque
987 1495 1087 1552 meter
1110 1482 1263 1550 uberibus
1287 1486 1367 1563 alit,
1390 1505 1449 1550 nec
1471 1485 1589 1551 ancillis
1609 1506 1642 1550 sc

279 1599 483 1669 ronubicibus
516 1598 711 1683 delegentur.
749 1597 910 1665 dominum
944 1619 980 1664 ac
1013 1619 1139 1664 servum
1172 1597 1266 1664 nuliis
1299 1599 1495 1664 educationis
1530 1597 1640 1664 deliciis

312 1710 495 1799 dignoscas:
532 1711 616 1778 inter
637 1714 746 1777 eadem
768 1731 901 1796 pecora,
934 1710 967 1776 in
994 1711 1104 1776 cariem
1132 1709 1229 1777 bumo
1259 1709 1396 1797 degunt,
1433 1710 1536 1778 donec
1564 1719 1641 1778 acies

381 1857 408 1908 i.
428 1853 468 1922 or]
489 1864 537 1907 ονε
555 1855 584 1906 Ρ.
604 1881 638 1893 -
656 1856 701 1908 11.
719 1862 849 1922 pertore,
868 1854 915 1908 red
933 1863 944 1908 t
961 1863 1058 1919 puncto
1077 1855 1249 1908 subnotatum
1267 1855 1298 1906 Ρ.

312 1981 384 2033 berto
413 1995 442 2033 ae
469 1984 498 2033 tra
526 1981 659 2034 oriutterr‘o
688 1984 878 2034 commiscuerit
901 2006 912 2020 ·
936 2007 963 2042 ·,
1001 1979 1073 2032 titii
1089 1988 1126 2032 est
1144 1995 1233 2034 eorum
1248 1981 1524 2046 permutationum,
1543 1983 1644 2050 quiquie

313 2061 418 2114 adnitar
444 2068 469 2128 et
493 2062 701 2115 curtracense
727 2064 838 2114 iudicem
863 2061 965 2128 potitor
1001 2062 1067 2112 tutta
1084 2062 1264 2119 immemores,
1291 2062 1407 2128 fitiorum
1422 2075 1535 2113 suorum
1550 2069 1644 2114 neceto·

312 2143 474 2207 [usttqesrtrrr
492 2147 516 2193 et
532 2142 638 2206 r‘qrrr'brrr
655 2151 859 2194 concrementur.
886 2144 965 2194 lioni-
1001 2154 1044 2191 rer
1071 2142 1209 2192 scrutum.
1258 2141 1344 2192 iudea
1370 2153 1413 2192 ecs
1437 2143 1547 2206 publico
1570 2146 1645 2193 auerte

313 2221 363 2272 iae.
383 2222 410 2270 in
430 2221 480 2282 En.
493 2221 537 2271 72.
558 2221 591 2272 ad
606 2221 775 2274 Eibibatdum
796 2236 882 2287 rerem
895 2223 965 2274 bier·
1002 2220 1161 2272 coadunari.
1182 2219 1373 2286 Gora-Lagbe,
1385 2224 1417 2272 ir
1435 2222 1486 2272 Dis
1499 2225 1579 2274 irino
1590 2223 1645 2272 etur·

315 2305 415 2353 riorum
443 2300 492 2350 tte.
524 2301 692 2354 worerweu
715 2315 742 2366 o.
763 2303 823 2354 itte.
852 2303 911 2357 rice
938 2306 963 2354 in
1001 2300 1105 2364 usqisti
1123 2299 1248 2351 ricemere
1260 2306 1339 2352 oeteo
1357 2297 1494 2366 (etiumre)
1512 2301 1645 2353 rotitriiei
1716 2295 1719 2308 '

315 2381 491 2432 ereren-
508 2379 634 2444 secutum]
654 2397 705 2435 usu
724 2383 847 2447 etoquiari
864 2384 964 2434 dictum
1002 2380 1064 2444 iuret
1087 2381 1136 2430 der
1162 2380 1272 2445 qeboreu
1296 2381 1359 2430 ror'rt
1381 2393 1437 2432 cerr
1458 2395 1561 2434 unrsme
1577 2381 1645 2432 terrie

315 2459 513 2523 pronioribus,
539 2461 585 2522 qur
613 2461 662 2512 boe
686 2463 868 2524 persecutum
889 2463 965 2524 quart
1002 2459 1071 2510 uode
1095 2459 1168 2510 srr'cbt
1199 2459 1343 2522 oonoerierr
1372 2457 1511 2525 (utemtrr).
1534 2485 1566 2500 -
1592 2461 1645 2512 iret

315 2543 473 2593 necessitato
498 2540 587 2604 aitqua
604 2545 642 2592 stc
670 2542 777 2595 iubente
796 2543 967 2594 dominantur
1001 2536 1098 2603 morer]
1118 2539 1170 2590 Cir.
1186 2540 1275 2604 iiogqe
1289 2537 1504 2591 Gerieitsroesen.
1519 2554 1545 2604 n.
1562 2541 1586 2592 2.
1604 2541 1645 2592 ce

317 2633 404 2683 neque
417 2619 449 2669 ub
470 2621 510 2680 tis,
532 2623 578 2682 qui
598 2624 777 2679 nuncrtrunt,
791 2625 848 2674 stne
867 2633 965 2686 aequa·
1004 2617 1074 2670 retus
1092 2619 1204 2682 Magnus
1224 2619 1302 2684 Lege.
1322 2617 1352 2683 5.
1368 2619 1436 2670 tte:
1457 2619 1490 2670 Ut
1508 2621 1647 2686 iesrqororr·

316 2699 381 2752 itum
400 2701 521 2751 irrisione
538 2707 618 2765 etque
636 2701 841 2760 reprehensione
859 2703 965 2768 migrari
1002 2698 1131 2756 suetudo,
1156 2711 1223 2762 quoe
1240 2699 1277 2749 ori
1294 2699 1436 2750 utilitatem
1450 2699 1586 2763 pubiicum
1600 2713 1646 2750 sm

316 2786 435 2842 possunt.
472 2779 630 2833 Lonaorirer
657 2781 685 2832 ia
709 2784 784 2834 mois
809 2783 846 2833 rto
873 2781 964 2836 stiria,
1001 2779 1127 2842 impertit,
1154 2790 1206 2842 pro
1231 2779 1286 2844 ieqe
1313 2785 1433 2830 seruetur·
1458 2785 1498 2838 st,
1525 2793 1588 2844 quoe
1605 2779 1646 2828 err

316 2873 364 2911 nos
388 2859 518 2918 Zeitsttte,
546 2860 686 2926 Zeitqsist,
713 2868 743 2913 nt
765 2875 796 2915 er
819 2865 965 2915 recentiora
1000 2863 1121 2909 succine
1141 2863 1217 2916 rant,
1240 2864 1425 2922 mimmii·
1447 2879 1480 2896 ⁸·
1497 2858 1575 2926 lectt]
1598 2857 1644 2910 Cir·

317 2953 367 2990 usu
392 2939 511 2990 literatus
531 2939 642 2992 Seritam
666 2953 739 2992 suam
764 2954 816 2994 non
835 2944 966 3007 tneieqan·
1004 2938 1066 3001 bes.
1087 2936 1141 2988 Sei.
1160 2939 1243 3000 antiq.
1266 2937 1316 2988 iti.
1337 2936 1469 2990 cancii.
1490 2951 1519 3001 p.
1538 2938 1579 2991 13.
1600 2939 1646 2989 lir-

316 3026 369 3070 tem
395 3021 527 3081 inscripsit
558 3017 668 3072 Genium
693 3023 781 3086 secuit.
815 3047 844 3060 -
875 3023 966 3074 meir'rrs
1004 3018 1084 3067 theris
1103 3020 1129 3067 in
1150 3016 1556 3081 cerimoniarumque:
1576 3019 1645 3084 ituri

316 3099 419 3162 quidem
437 3095 532 3162 mire]
560 3099 600 3153 lie
619 3102 668 3153 bae
686 3103 857 3155 coiiooaricne
874 3115 899 3153 r.
919 3103 966 3154 oc·
1000 3101 1284 3160 potrumsrorrrcrum,
1297 3100 1557 3163 quoescrtptcsrrorr
1567 3105 1644 3155 mort,

316 3179 365 3228 tuo
383 3184 442 3240 nost
460 3184 649 3239 comparattros
674 3193 720 3242 pro
739 3181 861 3234 Tuiitano
887 3183 966 3234 etiem
1003 3176 1176 3228 condidimus.
1204 3178 1289 3229 Tertii
1308 3191 1371 3232 vero
1390 3179 1554 3242 temporibus
1577 3191 1645 3230 ornos

317 3257 364 3308 ctr-
377 3258 453 3308 iisnrt
467 3258 543 3309 Tuas.
557 3258 579 3308 i.
595 3273 621 3321 o.
637 3260 697 3312 155.
716 3261 895 3326 Frequentius
907 3265 965 3326 qut·
1004 3255 1197 3308 Germanorum
1220 3260 1260 3309 ius
1278 3270 1350 3310 mera
1372 3259 1570 3313 consuetudine
1587 3261 1646 3310 nite

317 3336 377 3389 dem
393 3339 577 3399 comparativis
597 3345 783 3404 praeponitur,
804 3345 851 3394 seri
870 3347 966 3394 utrius·
1005 3335 1097 3398 bittit.
1117 3337 1163 3389 teti
1183 3343 1274 3389 8111010
1295 3345 1406 3390 tomit-

317 3429 369 3479 que
396 3417 498 3480 generis
516 3419 634 3480 erumnis
652 3435 668 3472 e
685 3421 866 3484 Quinctiano,
895 3423 965 3485 aqud
1038 3417 1083 3468 10.
1102 3415 1214 3481 sordidi]
1241 3430 1293 3468 oon
1320 3423 1371 3470 tem
1390 3418 1496 3471 teriam
1516 3429 1645 3482 ecroorun

317 3509 396 3559 quem
416 3498 528 3557 orimum
548 3511 618 3550 nunc
632 3505 773 3563 reperitur,
792 3503 835 3554 tite
852 3504 965 3568 rotteqtt.
1004 3496 1122 3548 titurium
1140 3497 1266 3549 denotare
1286 3498 1368 3549 votuit
1385 3495 1516 3562 (quotidie
1536 3501 1603 3552 eninr
1616 3497 1646 3548 ia·

316 3575 357 3626 Art
385 3589 439 3626 rem
463 3574 510 3623 cir.
538 3578 651 3639 Pteron.
672 3580 703 3630 c.
732 3580 847 3632 Gctrbic.
867 3583 894 3640 b,
914 3584 965 3635 iis
1005 3577 1131 3627 rebantur
1155 3575 1185 3628 C.
1206 3573 1279 3638 εἰ),
1305 3590 1383 3640 quem
1403 3592 1449 3631 eos
1472 3577 1645 3630 ricmiriitbur

315 3648 456 3724 ’Βροολοο
473 3653 581 3729 ἀνδρὸς
595 3657 824 3726 τελευτήσαντος
843 3659 967 3728 ιἰιάναγ-
1004 3667 1034 3708 ac
1055 3657 1156 3707 detritis
1171 3655 1288 3708 restibus
1301 3661 1356 3720 uri,
1376 3665 1513 3720 ornatum,
1533 3661 1555 3710 si
1576 3669 1645 3721 quern

316 3732 408 3806 νεςιῇ
423 3732 653 3804 γυναικὶάριιῆς
664 3744 904 3815 μιναιιοιουμενῃ
916 3744 966 3793 καὶ
1004 3736 1150 3796 hebebant,
1171 3737 1338 3790 contionibus
1356 3749 1386 3789 ar
1400 3737 1508 3799 qroeiits
1521 3751 1646 3791 reserren-

315 3811 400 3876 κλέος
417 3811 494 3887 αὐτῇ
512 3813 657 3886 ἐθελούσῃ
680 3817 830 3870 λείπεσθαι
853 3817 967 3891 βρόχον
1004 3823 1053 3868 tes.
1076 3840 1104 3853 ·-
1125 3828 1193 3879 quos
1209 3814 1350 3882 miremur]
1374 3817 1469 3880 Ponto.
1492 3817 1563 3871 itera
1580 3817 1605 3878 ³,
1621 3816 1644 3874 3.

316 3887 499 3967 οἰναψαμένῃ
514 3893 594 3966 παρὰ
609 3895 663 3948 τὸν
677 3897 729 3949 νοῦ
743 3891 851 3968 ἀνδρὸς
869 3896 966 3964 τάφον
1002 3897 1035 3946 ir
1056 3899 1102 3961 qrrr'
1113 3896 1235 3947 trobr'toot
1252 3894 1444 3964 (Germaniam)
1457 3901 1582 3951 immorare
1592 3900 1646 3948 erut

315 3965 372 4022 orire
395 3971 437 4034 εἰς
461 3971 579 4044 μακρὸν
605 3973 754 4040 ἣνῆσκειν.
780 3972 819 4028 ori
836 3979 966 4050 ποιούσῃ
1003 3977 1099 4026 animis
1112 3983 1191 4042 etque
1202 3977 1365 4039 eomorriur.
1386 3979 1479 4043 Vrget.
1495 3981 1520 4039 1,
1535 3981 1566 4029 i:
1586 3977 1645 4040 (eise

209 4109 211 4114 ¹
315 4049 458 4101 τοιαῦτα
476 4049 669 4122 περιειστήκει
692 4052 727 4106 τὸ
747 4054 850 4106 iocaris
869 4052 965 4125 ἀδόξῳ
1003 4055 1152 4120 diarioiinai
1173 4057 1237 4119 quiri
1252 4055 1378 4108 oetcersua
1391 4058 1581 4110 Germanorum
1589 4067 1646 4121 pit·

315 4141 346 4178 se
365 4123 507 4180 εἶναικαὶ
531 4135 593 4194 τοῖς
610 4131 665 4184 rori
688 4129 796 4204 ἀνδρὸς
814 4131 964 4202 ξυγγενέσι
1003 4138 1138 4187 ceritatem
1163 4135 1361 4200 (Romanorum)
1384 4138 1499 4189 meaios
1526 4137 1645 4203 potuisset

247 4269 251 4277 Ρ
315 4211 594 4279 κροσκειιρουιιέναι.
624 4211 965 4279 Contrsapuribsngobar·
1002 4217 1120 4267 auderet
1137 4230 1230 4267 -rrrc
1247 4216 1480 4283 quemquemcter]
1501 4215 1645 4279 cuer-tart

315 4285 542 4348 corporeitatem
566 4289 677 4342 babebat
701 4294 794 4343 mutter
822 4296 905 4344 cirion
928 4295 966 4346 cri
1003 4296 1045 4356 18,
1066 4297 1100 4347 e:
1120 4297 1204 4347 uisuri
1221 4296 1264 4345 eci
1281 4295 1468 4360 iriicbrotpsrr
1487 4298 1645 4362 arterium

314 4365 395 4416 citum
407 4370 532 4418 moritum
543 4370 711 4432 amiciendi,
730 4373 837 4424 liberum
849 4379 965 4425 tontum.
1003 4389 1057 4427 erar
1085 4375 1181 4439 irynties
1206 4383 1320 4427 roorterr.
1349 4401 1381 4414 -
1408 4374 1580 4444 dsirqorrtur]
1606 4375 1645 4426 Sir

314 4445 435 4496 lietberte
454 4446 532 4512 begg-
551 4444 581 4510 ὃ.
602 4448 662 4500 152.
677 4475 709 4486 -
727 4451 844 4518 aquatis]
865 4453 964 4506 iisdem
1002 4456 1070 4506 Diei.
1090 4457 1139 4506 iiis
1167 4455 1202 4506 At
1219 4469 1289 4508 nunc
1310 4465 1392 4509 metus
1408 4459 1501 4522 ieiune
1518 4457 1645 4523 deisqstrrr

312 4527 516 4589 significatione,
544 4541 595 4591 qus
614 4529 683 4580 ittet.
703 4531 730 4592 5,
750 4534 788 4591 5.,
820 4541 896 4594 suot,
917 4539 963 4597 qut
1002 4533 1147 4586 Graeculae
1165 4537 1385 4589 oiieuiosaeiiioe.
1406 4536 1504 4599 iios!
1525 4541 1643 4589 inestoo·

313 4613 372 4667 post
389 4606 514 4659 iamtiiem
533 4613 720 4671 constitutam,
750 4613 796 4663 ubi
817 4615 892 4666 beree
912 4618 962 4668 tam
1001 4617 1038 4667 tis
1065 4628 1182 4668 summae
1210 4618 1385 4682 negligentiae
1413 4621 1494 4682 atque
1522 4619 1642 4670 incurtes.

313 4693 362 4744 est,
382 4685 479 4737 deinde
497 4695 650 4739 narcuntur.
689 4693 794 4756 inspice
812 4695 828 4744 Ι.
843 4695 860 4744 Ι.
881 4693 964 4756 (Lou-
1001 4707 1052 4760 qua
1072 4705 1194 4757 parentes
1219 4697 1345 4751 adversus
1369 4697 1465 4751 liberos
1484 4705 1576 4763 agent,
1602 4705 1643 4747 eor

312 4763 410 4817 antire:
429 4768 497 4828 forre
514 4767 586 4830 perir
603 4783 640 4818 rer
657 4770 842 4833 οοιινιοιι-ιιὲ.)
874 4773 963 4825 1ο1ιο-
1000 4776 1152 4827 anciiiarum
1178 4777 1250 4830 vetui
1275 4777 1354 4840 niem
1371 4778 1481 4831 arbitrio
1508 4777 1641 4830 uadentes.

313 4847 377 4894 tium
395 4850 483 4896 tarnen
497 4851 685 4908 repositionem
701 4852 772 4902 baud
786 4866 892 4914 prorsus
905 4858 964 4907 tnu-
1000 4855 1040 4908 Ex
1066 4868 1116 4908 usu
1143 4856 1264 4909 ictorum
1296 4861 1402 4922 proprie
1426 4865 1466 4909 est
1491 4858 1642 4910 substituere

311 4922 963 4990 ritatemtuissecompinribustestimoniiserirtcit
1000 4937 1026 4986 in
1045 4937 1130 4986 iocum
1150 4945 1266 4989 nostrum
1286 4939 1450 4999 debitorem,
1475 4940 1521 5000 qut
1546 4952 1575 4991 er
1597 4935 1642 4986 siis

312 5000 357 5052 Gr.
377 5000 409 5053 R.
424 5003 454 5053 Δ.
475 5015 501 5066 ο.
520 5004 582 5057 tei.
602 5015 681 5073 atque
703 5011 801 5074 iegibus
821 5018 902 5065 reteri
917 5016 963 5068 de·
999 5027 1076 5067 caure
1090 5017 1159 5069 idem
1173 5017 1249 5067 nobis
1262 5017 1352 5080 debet,
1365 5018 1506 5077 σιισείιειι,
1521 5019 1640 5081 maique.

311 5080 383 5145 biiii,
409 5081 489 5137 iiiiii
508 5084 535 5134 in
554 5084 632 5152 Lesa·
660 5088 843 5154 intrarint,
867 5093 900 5156 5,
924 5095 960 5146 'ir
997 5095 1051 5148 Gir.
1077 5095 1140 5148 tiro.
1165 5098 1191 5147 in
1218 5097 1292 5153 cias.
1313 5098 1368 5153 Cir.
1387 5101 1416 5150 in
1433 5097 1461 5151 b.
1480 5112 1505 5154 s.
1525 5121 1556 5138 -
1573 5103 1641 5150 ceter
