3576 5880
371 503 433 567 etl
724 491 915 561 CORNELII
934 491 1070 560 TACITI
1090 494 1368 562 fflsroultlttlat

370 658 508 748 gentium
530 675 649 742 poenas
670 675 815 741 reposco.
836 651 1019 722 vosautem
1046 654 1169 723 Treviri
1197 664 1383 743 ceteraeque
1412 653 1620 726 servientium
1647 657 1699 722 aui·

368 795 463 852 mae,
486 774 572 859 quod
594 773 766 856 praemium
795 771 886 836 effusi
913 771 1029 836 totiens
1061 768 1221 856 sanguinis
1249 774 1438 856 exspectatis
1469 768 1530 837 uiui
1557 772 1697 856 ingratam

368 886 530 962 militiam,
565 882 744 951 inmortalia
764 881 893 961 tributa,
915 882 1035 968 virgas,
1058 903 1185 950 accures
1207 892 1239 951 et
1259 883 1461 952 dominorum
1492 883 1642 970 iugeuiai
1666 903 1696 948 en

368 1021 428 1087 ego
450 999 628 1088 praefectus
648 998 742 1066 unius
764 999 904 1064 cohortis
932 1004 964 1062 et
992 995 1211 1064 Canninefates
1240 1001 1429 1087 Batavique,
1459 999 1575 1084 exigua
1597 994 1695 1062 Gallia

345 1131 437 1182 arum
460 1117 577 1202 portio,
599 1133 679 1179 vana
700 1112 754 1179 illa
775 1119 948 1178 castrorum
970 1113 1070 1196 spatia
1091 1109 1277 1190 excidimus,
1300 1115 1353 1179 vel
1374 1119 1462 1201 septa
1488 1111 1577 1178 lerro
1609 1112 1696 1177 iane·

368 1249 428 1316 que
450 1230 632 1313 premimus.
656 1225 791 1312 denique
812 1246 905 1291 ausos
927 1232 981 1292 aut
1000 1222 1128 1290 libertas
1155 1233 1324 1311 sequetur,
1353 1233 1407 1292 ant
1427 1225 1501 1292 victi
1528 1223 1624 1292 iidem
1645 1225 1696 1291 eri·

367 1363 467 1410 muso
500 1344 545 1407 sic
566 1359 753 1416 accensum,
777 1336 834 1405 sed
855 1337 1000 1404 molliora
1021 1336 1142 1403 referre
1163 1337 1282 1404 iussum
1304 1341 1443 1405 dimittit.
1466 1339 1522 1406 ille
1542 1348 1578 1406 ut
1597 1339 1695 1405 inritus

366 1457 531 1540 legationis
552 1457 646 1533 redit,
670 1462 775 1519 cetera
796 1450 1003 1526 dissimulans,
1026 1472 1107 1537 quae
1129 1471 1204 1518 mox
1225 1471 1371 1540 erupere.
1402 1453 1468 1538 (33)
1491 1451 1598 1520 Civilis
1617 1459 1694 1540 parte

366 1569 525 1657 copiarum
548 1576 668 1635 retenta
687 1576 853 1634 veteranas
874 1567 1031 1640 cohortes,
1054 1573 1086 1631 et
1106 1565 1192 1652 qnod
1214 1585 1231 1631 e
1254 1564 1417 1633 Germania
1438 1568 1576 1633 maxime
1599 1586 1694 1654 pron·

325 1691 468 1772 raptum,
505 1685 656 1750 adversus
688 1679 838 1750 Voculam
872 1679 1108 1766 exercitumque
1138 1678 1207 1746 eius
1240 1678 1351 1755 mittit,
1387 1681 1478 1762 lulio
1501 1681 1641 1747 blaxinao
1669 1689 1693 1746 et

366 1797 497 1865 Claudio
518 1797 659 1872 Victore,
682 1793 802 1860 sororis
824 1811 899 1859 suae
920 1789 1002 1868 filio,
1027 1789 1169 1858 ducibus.
1190 1792 1319 1878 rapiunt
1345 1794 1379 1858 in
1412 1795 1546 1861 transitu
1574 1795 1693 1862 hiberna

364 1912 431 1978 alae
453 1909 631 1994 Asciburgii
652 1908 729 1988 aita;
752 1905 896 1994 adeoque
918 1903 1070 1991 inprovisi
1093 1912 1195 1970 castra
1215 1905 1396 1974 involavere
1416 1917 1452 1975 ut
1474 1929 1541 1975 non
1561 1909 1691 1996 adloqui,

363 2047 427 2092 non
447 2028 586 2112 pandere
608 2025 707 2088 aciem
729 2019 850 2086 Vocula
871 2020 1018 2106 potuerit.
1049 2019 1081 2083 id
1104 2015 1226 2096 solum,
1257 2026 1294 2085 ut
1321 2022 1353 2084 iu
1385 2023 1538 2100 tumultu,
1567 2021 1691 2098 monuit,

363 2139 555 2224 subsignano
577 2137 677 2202 milite
699 2133 803 2200 media
823 2132 958 2202 firmare,
990 2129 1107 2197 auxilia
1134 2131 1251 2216 passim
1280 2131 1468 2202 circumfusa
1494 2144 1578 2203 sunt.
1606 2155 1692 2222 eques

324 2265 352 2307 ¹⁵
363 2251 518 2338 prorupit,
541 2257 754 2336 exceptusque
776 2246 956 2334 compositis
977 2245 1113 2312 hostium
1135 2244 1300 2312 ordinibus
1325 2255 1412 2335 terga
1433 2249 1468 2314 in
1495 2270 1569 2317 suos
1598 2251 1690 2317 vertit.

363 2370 476 2433 caedes
496 2368 587 2442 iude,
608 2384 672 2429 nou
694 2361 858 2447 praelium.
889 2368 921 2425 et
948 2359 1137 2426 Nerviorum
1163 2357 1329 2439 cohortes,
1358 2370 1445 2428 metu
1470 2383 1527 2430 seu
1551 2361 1690 2451 perfidia,

361 2483 462 2546 latere
489 2487 671 2544 nostrorum
703 2478 874 2542 nudavere.
914 2476 958 2540 sic
987 2477 1027 2538 ad
1060 2474 1203 2557 legiones
1230 2482 1437 2558 perventum
1470 2497 1552 2564 qnae
1582 2475 1691 2544 amissis

362 2581 465 2678 signis
480 2591 564 2656 iutra
584 2589 700 2656 vallum
722 2590 958 2663 sternebantur,
989 2605 1060 2652 cum
1081 2594 1213 2672 repente
1231 2607 1315 2656 uovu
1337 2591 1456 2656 auxilio
1492 2587 1617 2658 fortuna
1642 2609 1692 2678 pu·

362 2725 441 2792 guae
463 2713 608 2770 mutatur.
640 2708 818 2771 Vasconum
850 2703 950 2767 lectae
981 2721 1000 2765 a
1022 2697 1120 2765 Galba
1147 2703 1294 2768 cohortes
1324 2723 1361 2768 ac
1392 2710 1461 2770 tum
1488 2707 1606 2772 accitae
1625 2706 1690 2770 duur

323 2817 472 2885 racastris
494 2817 716 2904 propinquant,
738 2813 846 2881 audito
866 2813 1085 2902 praeliantium
1107 2812 1245 2880 clamore
1275 2816 1410 2883 intentos
1437 2819 1538 2885 hoelis
1564 2839 1584 2885 a
1608 2827 1688 2902 terga

360 2934 526 3008 invadunt,
548 2932 755 3016 latioremque
777 2949 871 3016 quam
893 2949 951 3014 pro
973 2949 1105 2996 numero
1128 2938 1285 2997 terrorem
1306 2929 1440 3010 saciant,
1463 2930 1534 2999 aliia
1562 2935 1690 2999 allove-

360 3050 408 3114 sio
434 3046 504 3112 aliis
529 3067 548 3110 a
570 3043 769 3129 Mogontiaco
798 3042 962 3108 universas
988 3045 1094 3131 copias
1122 3041 1287 3110 advenisse
1313 3047 1525 3122 credentibus.
1559 3047 1586 3111 is
1609 3065 1689 3118 error

359 3159 446 3228 addit
467 3161 597 3234 animos,
627 3165 658 3222 et
680 3161 754 3224 dum
773 3153 882 3221 alienis
903 3153 1023 3222 viribus
1043 3155 1221 3236 confidunt,
1251 3179 1324 3225 auas
1337 3179 1498 3244 recepere.
1512 3156 1688 3226 fortissimus

359 3276 491 3360 quisque
514 3295 531 3338 e
553 3269 695 3348 Batavis,
719 3275 868 3355 quantum
897 3268 1037 3355 peditum
1059 3277 1136 3347 erat,
1156 3270 1349 3340 tunduntur:
1378 3293 1476 3360 eques
1504 3276 1601 3342 evasit
1625 3292 1687 3340 cum

429 3467 455 3516 1.
473 3475 576 3529 paeana
593 3465 630 3518 11.
650 3486 682 3500 -
703 3461 805 3514 Treviri
821 3464 914 3524 aertpat
932 3463 1096 3516 constantiae
1113 3476 1203 3518 cauaa.
1223 3465 1258 3516 11.
1277 3464 1295 3516 t.
1316 3465 1422 3518 Treveri
1433 3465 1472 3521 11.
1486 3491 1521 3504 -
1538 3467 1565 3518 1.
1583 3479 1637 3532 sap.
1651 3463 1684 3518 11.

359 3563 392 3576 -
410 3536 437 3587 ³.
456 3538 521 3586 ium.
540 3536 588 3587 M:
608 3537 680 3585 imm.
700 3533 731 3584 B.
753 3558 783 3570 -
809 3532 836 3583 d.
856 3536 1040 3600 caunensium
1057 3533 1094 3584 hl.
1116 3561 1145 3574 -
1175 3536 1203 3586 e.
1219 3533 1335 3600 ponimur
1352 3536 1390 3587 11.
1412 3563 1443 3574 -
1474 3537 1545 3590 idem
1561 3539 1599 3591 ll.
1617 3563 1642 3576 -
1659 3535 1684 3586 7.

357 3611 411 3660 ior.
430 3607 477 3658 hle
496 3609 546 3657 a'rr.
566 3605 598 3658 B.
620 3631 648 3643 -
677 3604 703 3655 8.
724 3604 811 3655 Habet
829 3604 900 3654 redit
915 3605 954 3655 11.
973 3606 1043 3656 Ante
1062 3605 1229 3659 waltherum
1247 3607 1362 3659 edebant
1380 3607 1473 3658 rediit.
1495 3632 1527 3646 -
1553 3611 1596 3660 11.
1612 3609 1685 3658 uicta·

357 3692 398 3730 res
415 3679 453 3728 11.
473 3703 507 3713 -
526 3677 570 3728 11.
589 3679 660 3740 inpr.
680 3676 723 3728 ht:
742 3679 822 3737 impr.
842 3674 873 3725 li.
896 3701 923 3712 -
956 3675 1000 3726 td.
1020 3676 1094 3728 cedea
1112 3677 1150 3728 11.
1170 3703 1204 3712 -
1230 3677 1274 3730 10.
1293 3681 1396 3730 intento
1414 3679 1453 3732 11.
1474 3679 1643 3733 Emendaturu
1659 3679 1683 3726 tu

359 3749 448 3800 Gnell.
469 3755 495 3800 et
514 3761 527 3800 a
547 3747 703 3799 Puteolano.
725 3773 756 3783 -
775 3746 820 3795 11.
839 3747 966 3797 cauculo
984 3747 1022 3800 hl.
1044 3773 1073 3784 -
1106 3747 1151 3797 11.
1169 3747 1245 3815 Meg·
1265 3749 1292 3800 h.
1312 3751 1329 3800 l.
1349 3749 1377 3802 11
1397 3756 1423 3802 et
1441 3749 1527 3801 11.-
1557 3764 1627 3805 error
1640 3746 1681 3802 ll:

359 3833 435 3870 error
452 3819 579 3870 Romania
597 3830 656 3869 curu
675 3817 749 3867 Harl.
768 3815 846 3868 Bodl.
866 3815 953 3868 ticeli.
973 3823 1000 3869 et
1016 3817 1163 3870 Puteolano
1182 3820 1214 3871 B.

357 3982 425 4050 meu]
446 3984 498 4036 Cir·
521 3983 551 4035 G.
572 3981 616 4034 13.
637 4006 667 4018 -
687 3977 854 4045 inmortalia]
878 3982 1004 4034 ueaeruel
1046 3983 1133 4046 prime
1155 3983 1253 4047 impdu
1276 3997 1369 4049 rapere
1394 3987 1431 4037 ait
1452 3987 1555 4038 aolitua.
1576 4009 1606 4024 -
1621 3980 1683 4035 drei-

358 4067 466 4130 qutdem
486 4077 602 4127 uuquam
621 4063 784 4115 remitae·
804 4059 920 4127 iugenio]
940 4075 1009 4114 seua·
1048 4059 1148 4128 iurgii]
1178 4064 1269 4126 oppidi
1296 4065 1453 4118 Germaniae
1487 4066 1614 4120 interioria
1634 4067 1682 4116 rlre

356 4160 405 4210 per
433 4144 568 4196 mutabilia
594 4155 624 4193 ac
648 4142 805 4205 plerumque
832 4143 1008 4194 servienttbua
1048 4146 1135 4205 potina
1154 4143 1253 4195 Galliae
1270 4143 1410 4210 Belgicae,
1430 4145 1464 4198 ad
1486 4147 1620 4208 Rhenum,
1641 4143 1683 4195 dv·

355 4230 467 4289 tuiqua,
493 4225 622 4284 Leuueu,
651 4225 777 4285 copricae.
806 4244 839 4259 -
867 4237 937 4274 curae
962 4223 1010 4274 illo
1048 4222 1125 4287 burg,
1145 4215 1224 4276 vicus*
1239 4227 1308 4276 tuter
1319 4226 1463 4279 Noveatum
1477 4237 1503 4280 et
1515 4227 1618 4290 Vetera,
1632 4226 1683 4278 allia

357 4317 506 4359 ceruorum
525 4300 631 4368 spatie]
665 4303 766 4354 (1.11ι
798 4303 914 4364 eutium,
939 4305 1009 4369 qued
1046 4306 1119 4355 vtcus
1136 4305 1291 4372 dasenberq,
1312 4319 1326 4358 e
1344 4305 1681 4375 regionenmabrrgrtctr.

335 4388 461 4440 'duobus
481 4383 627 4448 ieqiooibua
645 4385 724 4434 eitum
741 4384 918 4450 eloquioque
934 4385 1009 4436 milio
1048 4383 1129 4435 utera
1159 4383 1263 4436 Gallim
1290 4399 1316 4448 p·
1340 4387 1401 4438 511.
1427 4387 1603 4443 Walckauaer
1618 4389 1640 4439 1.
1659 4399 1681 4449 ιι.

359 4463 527 4509 armatorum
545 4457 723 4504 Romanorum
740 4454 892 4504 tuebuntur.
913 4480 944 4491 -
967 4469 1009 4506 ao-
1046 4465 1107 4517 505.
1128 4487 1159 4500 —
1177 4465 1350 4529 subsignano]
1370 4467 1531 4532 legionario,
1547 4477 1578 4522 ut
1594 4472 1626 4530 t,
1642 4467 1682 4519 7⁰·

359 4534 479 4600 caurum]
520 4534 553 4584 ad
582 4533 729 4585 libertatem
763 4532 904 4586 Galliarum
940 4536 1008 4588 duca
1046 4543 1092 4594 ubi
1110 4544 1186 4605 vlde;
1205 4551 1284 4610 atque
1303 4547 1371 4598 bane
1388 4561 1476 4601 veram
1490 4563 1548 4605 eaae
1565 4550 1684 4616 alguldea·

358 4619 440 4672 civite
460 4613 680 4678 retulifflfldiffl·
1046 4627 1144 4677 tionem
1164 4623 1344 4678 demonstrant
1366 4627 1445 4680 verba
1469 4631 1507 4682 aie
1529 4631 1565 4683 od
1587 4630 1684 4696 legio-

392 4697 436 4748 3³.
455 4701 534 4759 purte
556 4694 693 4757 copiarum
715 4689 831 4757 retento]
857 4701 887 4746 ut
912 4695 1007 4750 Vetera
1044 4715 1106 4754 nea
1120 4712 1285 4768 peruentum.
1305 4707 1461 4762 alirueetlua
1476 4707 1683 4775 coeptarunt-

358 4787 441 4830 eastra
464 4775 601 4828 obsidione
626 4786 704 4835 porro
732 4781 872 4835 premeret.
902 4803 931 4814 -
962 4792 1007 4829 re·
1044 4785 1184 4850 aiquunum
1208 4786 1317 4836 militem
1341 4799 1400 4841 eaae
1426 4790 1563 4855 subsidia,
1597 4789 1683 4856 quibua

355 4853 444 4923 pium]
471 4857 523 4906 1111
555 4854 625 4916 apud
651 4853 794 4904 Gruterum
818 4856 945 4917 cupiunt.
975 4872 1005 4912 er
1044 4867 1115 4915 actes
1138 4865 1273 4926 firmatur,
1297 4866 1325 4918 h.
1345 4869 1362 4919 Ι.
1390 4870 1488 4923 media.
1513 4871 1683 4937 suasurus

357 4939 435 5003 gloss.
455 4947 560 4987 sensum
580 4933 650 4983 band
675 4937 736 4984 aatta
761 4936 941 4996 exprimente:
967 4945 1006 4990 ert
1044 4949 1132 4996 autem
1152 4945 1237 4996 dietus
1256 4957 1313 4998 erre
1331 4948 1436 5000 videtur
1448 4959 1598 5013 propterea,
1617 4945 1682 5014 quod

358 5020 447 5070 entur:
480 5015 619 5066 sceleriter
637 5025 785 5076 magnoque
813 5027 873 5066 cum
902 5019 1004 5081 impetn
1043 5024 1162 5076 anbaldta
1180 5037 1248 5087 pone
1267 5027 1362 5079 turum
1389 5032 1474 5082 aciem
1496 5031 1682 5084 collocabantur

357 5098 512 5149 adoriuntur
534 5099 616 5154 eaque
647 5105 740 5154 enitere
767 5101 923 5146 conantur.»
960 5099 1005 5150 Sta
1043 5105 1159 5169 ideoque
1178 5109 1574 5170 arigulrremctloraollacu.
1593 5113 1680 5165 Verum

356 5179 413 5236 htv.
433 5175 460 5234 s.
480 5175 532 5227 2³:
551 5175 597 5239 qui
614 5171 753 5224 adueniens
771 5180 861 5225 castra
878 5177 1005 5244 urbesque
1042 5184 1109 5238 haec
1126 5183 1264 5240 arbitraria
1281 5187 1504 5256 videtur'optulo.
1526 5217 1558 5234 -
1576 5191 1681 5261 terrola
