3576 5880
566 475 683 540 nntnn
703 475 756 542 iv.
803 475 875 562 cip.
898 477 949 541 tn.
974 478 1024 542 ts.
1052 479 1102 544 tt.
1437 487 1501 550 nne

159 629 223 716 (ii)
246 633 348 719 igitur
369 633 473 702 civiti·
496 633 687 702 desciscendi
721 643 836 713 entius,
867 636 1022 704 occultato
1047 639 1175 706 interim
1203 640 1316 708 altiore
1344 643 1498 722 eo'nsiiio,

157 755 267 814 eetern
281 768 328 814 ex
349 755 465 815 eventu
485 747 696 826 iudicaturus,
718 769 837 816 novere
857 772 908 816 res
928 753 991 818 hoe
1012 751 1106 818 modo
1129 755 1248 840 eoepit:
1276 754 1365 822 iussu
1385 757 1501 826 Vitellii

157 866 351 930 murorum
371 863 517 928 iuventus
539 861 578 927 ed
600 863 755 930 deleetnm
777 866 957 941 vocabatur,
980 885 1073 950 quem
1095 875 1204 952 suopte
1231 875 1342 934 nature
1372 890 1500 953 gravem

158 972 337 1041 onerabunt
366 973 500 1041 ministri
529 975 659 1042 eventia
691 995 727 1042 ee
755 976 851 1054 luxu,
879 998 970 1044 senes
999 987 1054 1044 eut
1080 979 1233 1045 invniidos
1262 985 1498 1069 conquirendo,

158 1107 241 1174 qnos
261 1091 364 1175 pretio
386 1086 588 1154 dimitterent.
612 1109 721 1156 rursus
741 1091 875 1174 inpubes
897 1090 954 1156 sed
975 1089 1077 1157 forma
1099 1092 1259 1178 eonspieui
1290 1093 1332 1177 (et
1358 1103 1405 1160 esi
1432 1095 1524 1181 ple-e

157 1204 267 1288 risque
288 1221 422 1288 proeere
442 1201 585 1288 pueritie)
607 1202 646 1268 ed
671 1211 813 1290 stuprum
841 1206 1055 1272 trahebantur.
1083 1206 1157 1270 hine
1185 1206 1323 1285 invidie3
1355 1217 1387 1272 ei
1413 1227 1499 1274 eom·

159 1316 281 1400 poeitae
302 1313 465 1381 seditionis
486 1324 631 1383 auctores
653 1318 817 1402 perpulere
838 1325 873 1382 ut
894 1317 1046 1384 deiectum
1069 1315 1254 1384 abnuerent.
1300 1319 1405 1388 Civilis
1433 1322 1500 1407 pri-

158 1447 266 1494 mores
288 1430 390 1514 gentis
411 1435 444 1494 et
463 1429 714 1516 promptissimos
736 1428 831 1516 voigi,
855 1435 958 1516 specie
980 1430 1141 1517 epularum
1173 1453 1297 1498 suerum
1327 1432 1360 1498 in
1387 1454 1498 1500 nemus

159 1549 298 1618 rocetos,
320 1543 376 1608 uhi
397 1551 489 1609 noete
510 1565 547 1609 ne
575 1542 692 1610 lentitia
718 1541 885 1609 ineeiuisse
905 1545 1004 1618 videi,
1036 1565 1055 1609 n
1083 1544 1175 1640 leude
1203 1544 1368 1631 gloriaque
1396 1549 1497 1632 gentis

158 1677 251 1722 orsus
271 1655 404 1722 iniurius
424 1664 457 1722 et
478 1663 585 1744 ruptus
612 1664 644 1723 et
665 1664 770 1723 cetere
792 1656 912 1722 servitii
934 1656 1013 1727 mele
1041 1667 1214 1724 enumeret.
1262 1679 1383 1748 «neque
1412 1662 1536 1726 enimn

158 1769 361 1846 societatem,
384 1775 419 1834 ut
450 1768 545 1844 olim,
571 1773 628 1836 sed
660 1778 818 1857 tamquam
847 1768 1003 1857 meneipie
1033 1772 1155 1836 heberi.
1187 1770 1314 1858 quando
1341 1771 1495 1860 ieqntum,

158 1882 247 1969 previ
269 1881 397 1970 quidem
420 1885 569 1950 eomitein
591 1890 623 1949 et
644 1887 781 1970 superbo
804 1883 1052 1969 eum'imperio,
1076 1884 1206 1950 veniret
1233 1883 1316 1950 tredi
1343 1905 1377 1950 ee
1406 1905 1497 1972 pree·

155 1997 248 2064 ieetie
270 1995 592 2085 centurionibusqu03
617 2015 697 2082 quos
717 1999 773 2062 uhi
794 1997 904 2082 spoliis
924 2004 957 2062 et
978 1996 1127 2083 sauguine
1149 1996 1350 2083 expleverint.
1372 1999 1496 2074 mutem,

155 2110 347 2198 exquirique
368 2131 468 2177 novoe
490 2111 576 2211 sique
597 2117 628 2175 et
660 2112 747 2175 veria
774 2107 945 2194 praedendi
972 2108 1135 2176 voeabula.
1179 2109 1297 2177 instere
1324 2108 1493 2194 delectum,
1551 2096 1591 2202 s't'.
1608 2103 1678 2208 j

155 2243 220 2308 quo
242 2225 339 2290 liberi
360 2243 378 2288 e
399 2225 599 2307 perentibus,
620 2221 733 2288 fretrus
755 2244 775 2288 a
805 2220 954 2288 fratribus
983 2222 1068 2289 velut
1096 2244 1279 2310 supremum
1305 2223 1534 2294 dividentur-ao
1561 2221 1597 2268 ‘¹'
1616 2244 1621 2257 ·
1637 2211 1671 2316 {i
1682 2251 1686 2262 ·

153 2333 328 2423 nunquem'
339 2337 439 2422 ineps
460 2335 607 2402 eissioiem
627 2355 693 2401 rent
707 2339 889 2412 Romanum,
910 2356 972 2403 neo
989 2336 1074 2404 eliud
1096 2339 1128 2403 in
1143 2333 1283 2404 hinernis
1297 2358 1391 2426 quem
1405 2359 1497 2426 pree·

224 2567 253 2618 0.
274 2565 360 2630 eoepit
377 2564 415 2618 tt.
438 2589 467 2601 -
499 2561 653 2618 001011ιῖ3
671 2565 708 2619 ii.
741 2590 770 2602 -
797 2566 824 2618 0.
846 2567 934 2619 flebet
959 2567 1138 2634 conquirendo
1155 2567 1200 2630 ti.
1227 2581 1280 2622 nou
1304 2571 1498 2637 eoeqeireetioe

148 2637 382 2698 0011181110-
401 2637 428 2688 5.
445 2633 601 2701 1311001.-
620 2638 676 2699 inp.
689 2635 737 2689 ii:
758 2638 822 2700 imp.
841 2638 873 2687 Β.
896 2661 926 2674 -
946 2637 973 2690 0.
994 2640 1132 2700 compositi
1149 2639 1189 2691 it.
1210 2638 1362 2694 Correeturn
1383 2645 1410 2694 in
1428 2643 1495 2708 fleg.

147 2711 227 2774 spir.
268 2707 338 2759 lituo
367 2715 454 2758 temen
481 2706 605 2770 preetuiit
632 2707 714 2760 Beeh.
740 2733 770 2745 -
794 2708 822 2758 7.
846 2708 894 2759 ott.
917 2707 955 2760 tt.
984 2736 1012 2748 -
1044 2709 1086 2762 ii.
1114 2709 1163 2760 ott.
1189 2707 1280 2764 11.-
1311 2713 1353 2764 15.
1378 2727 1414 2778 op
1437 2711 1497 2781 (tie)

146 2987 257 3038 meeisr
278 2994 334 3032 erto
350 2980 452 3048 reiiqeo
470 2981 561 3044 tttrptt
585 2983 678 3046 reqine
695 3007 706 3019 ·
725 3007 736 3019 ·
754 2983 810 3033 itu·
848 2983 1019 3044 eompotttum
1029 2982 1183 3035 seditionem
1193 2981 1245 3035 diei
1258 2986 1347 3044 etiem,
1359 2986 1429 3050 q'uee
1439 2987 1498 3039 fini·

146 3066 222 3123 tiro,-
241 3062 398 3128 ntroetque,
418 3068 510 3126 utpote
528 3061 598 3123 epod
620 3063 731 3126 popuioe
744 3061 809 3124 Ger,-
848 3069 873 3114 te
891 3065 935 3122 tit,
955 3067 985 3112 ut
1002 3063 1073 3126 opud
1094 3062 1168 3116 Suet.
1189 3063 1266 3117 Cret·
1284 3065 1311 3116 0.
1332 3066 1402 3117 Ense.
1423 3067 1496 3120 iied.

146 3149 287 3201 mentone,
306 3142 421 3207 tutettire
440 3143 474 3194 tie
492 3144 535 3202 iis,
556 3145 604 3204 qui
630 3146 680 3193 orti
708 3149 769 3194 eunt
794 3155 809 3194 e
847 3144 986 3206 compotitt
1008 3149 1095 3195 ortum
1125 3149 1164 3194 eet
1195 3157 1226 3196 er
1254 3145 1496 3198 eonomrnodetione

147 3223 324 3288 prineipttue
340 3219 549 3287 (liitoptitrtqert)
568 3223 680 3276 etrttnttr
699 3226 810 3276 merisne
848 3224 881 3274 eo
900 3235 923 3274 r.
942 3226 1079 3280 uerteret,-
1098 3235 1148 3274 nee
1166 3224 1271 3275 toiereri
1294 3231 1380 3288 poteri
1405 3225 1496 3278 Brettii

148 3303 313 3356 iiinetriitue.
353 3301 407 3354 Gir.
440 3303 518 3367 spiret
548 3303 576 3354 0.
598 3303 764 3368 Kontpttem
783 3317 809 3365 p.
849 3303 1005 3366 erpiieetiot
1027 3309 1163 3354 eeuetoree
1179 3303 1213 3355 ed
1228 3305 1498 3358 commoventiumee·

148 3387 217 3437 100.
241 3409 273 3422 -
295 3383 418 3434 Fonteius
437 3381 540 3449 crptto]
565 3385 599 3438 tie
626 3397 681 3447 quo
705 3387 735 3444 1,
766 3383 809 3436 50.
849 3384 976 3434 ditionem
1000 3382 1094 3440 eiecti,
1121 3383 1272 3435 destinati.»
1298 3385 1331 3434 itt
1353 3388 1392 3437 rie
1417 3387 1497 3438 etiem

150 3491 180 3504 -
206 3465 265 3513 orie
279 3459 517 3528 deienutomeete]
536 3477 596 3516 eum
609 3467 684 3523 item,
701 3470 731 3516 ut
740 3463 808 3514 fleo·
848 3462 943 3513 Feriet.
964 3462 1004 3512 titi
1025 3468 1139 3512 noetrenr
1158 3466 1286 3515 rationem
1306 3463 1353 3514 eir.
1368 3465 1496 3530 ὅπως.

150 3545 245 3603 nibet.
266 3544 349 3596 eitero
370 3543 555 3607 oeuio.eeptue
576 3552 654 3598 erret.
686 3546 743 3595 Lir·
764 3544 809 3604 00,
848 3542 1372 3606 iit:eomporttodoiodipreeiteeter.
1393 3545 1498 3607 -ipe-

149 3627 179 3678 2.
213 3624 249 3676 Et
267 3623 301 3674 tie
319 3623 436 3674 Sertorio
458 3624 527 3675 idem
549 3626 629 3677 trudit
654 3623 810 3676 Pinterehut
848 3623 885 3672 rie
902 3621 1054 3684 operturum]
1075 3620 1164 3672 Germ.
1183 3622 1236 3672 et:
1256 3621 1287 3672 de
1304 3637 1370 3686 pore
1388 3623 1497 3675 eeteiio

151 3707 227 3758 sert.
241 3707 269 3754 1.
283 3723 318 3740 -
327 3701 490 3766 praetendit!
504 3705 625 3760 simulet.
643 3705 676 3757 eti
698 3705 809 3769 tepente
845 3701 996 3767 pierumque
1013 3703 1042 3752 te
1054 3701 1183 3752 conviviis
1200 3701 1360 3752 eomutteet.
1379 3725 1407 3738 ·
1420 3709 1497 3754 noete

151 3785 266 3837 eeneiiie
296 3787 389 3835 utitur.
426 3784 648 3848 luteiiiqendnmr
682 3785 808 3836 roemiite
846 3795 877 3832 ee
895 3777 1008 3843 ioett'tie]
1029 3775 1062 3832 ἓν
1079 3777 1128 3832 διὰ
1145 3779 1245 3838 ionio.
1270 3786 1301 3831 ut
1323 3788 1399 3834 rotet
1425 3782 1495 3834 lieth

152 3867 228 3918 Eure.
249 3885 283 3902 -
300 3858 428 3926 evertere]
445 3863 520 3929 tire.
538 3870 810 3917 everteret··reten·
847 3861 880 3910 de
899 3861 1000 3924 Synon.
1028 3860 1098 3922 epuo
1118 3859 1181 3911 Tne.
1212 3872 1238 3923 p.
1265 3860 1321 3922 5³..
1348 3875 1396 3924 pro
1419 3869 1495 3914 noete

151 3952 215 3996 tere
233 3944 343 3996 rerittio
361 3955 397 3994 ne
416 3945 442 3994 in
463 3942 555 3996 Teetto
576 3944 685 4008 quidem
710 3944 808 4006 eiioqut
844 3953 891 4002 per
908 3940 1037 3990 meeum
1064 3944 1213 3990 tremente.
1238 3939 1382 3992 Laetitiam
1405 3946 1495 3994 eutem

154 4027 335 4076 remotionum
361 4021 505 4075 admodum
533 4024 631 4086 eupioo
655 4024 707 4075 uiio
730 4023 808 4074 modo
846 4019 962 4082 tnteiiipe
982 4019 1015 4068 oe
1034 4017 1103 4081 ierne
1119 4021 1324 4080 eompetetione.
1341 4021 1412 4085 virg.
1426 4020 1494 4073 Aen.

153 4105 260 4158 remitit
280 4109 376 4166 potettr
390 4115 478 4166 neque
491 4103 598 4156 etimieit
613 4106 670 4166 ipte
683 4103 808 4162 Boetius,
846 4103 873 4159 t.
891 4098 961 4150 retr
981 4097 1057 4148 Adsit
1076 4099 1192 4149 ieetittee
1209 4099 1325 4150 iteretur
1344 4100 1443 4152 emori
1464 4123 1493 4138 -

153 4185 219 4238 nitet
240 4197 360 4235 errorum
379 4182 448 4234 iiiios
463 4183 529 4235 Coo.
543 4187 622 4236 nimie
641 4197 739 4246 pronus
753 4184 808 4236 iett-
846 4178 955 4244 quareo
973 4199 983 4212 ·
1001 4202 1011 4214 ·
1028 4173 1147 4242 veniret]
1165 4178 1256 4232 Betrri
1280 4179 1437 4232 Germeniee
1456 4183 1495 4230 in·

153 4275 207 4318 ter.
228 4287 263 4302 -
281 4264 369 4314 nerto
389 4259 511 4327 Viteiiin]
530 4265 618 4326 0,07.
637 4287 670 4302 ·-
688 4264 809 4316 Hordeo·
846 4259 935 4312 teriori
954 4258 1172 4311 reeentebentur.
1197 4259 1302 4313 Buten.
1332 4259 1390 4311 iioe
1409 4260 1491 4310 dieite

153 4347 217 4396 niue
238 4339 358 4407 Florem]
378 4343 479 4408 ieqetue
496 4347 639 4408 superioris
663 4347 807 4404 exereitus,
847 4341 915 4391 itero
935 4347 960 4390 et
978 4339 1034 4392 iere
1052 4353 1190 4403 nunonem
1208 4339 1241 4390 eti
1260 4354 1288 4393 ee
1314 4343 1403 4393 venite
1426 4340 1495 4403 iete-

153 4427 188 4479 ed
208 4425 297 4476 Rheni
316 4427 390 4486 ripee
408 4437 497 4478 eurem
523 4438 538 4477 e
564 4425 668 4480 viteiito
692 4425 806 4476 relietue.
847 4428 919 4478 tutu.
952 4422 1027 4470 euius
1052 4419 1175 4480 superbie
1200 4419 1310 4482 quidem
1336 4419 1493 4483 permoleste

153 4509 182 4569 t,
202 4505 230 4556 ii·
249 4506 278 4564 0,
295 4505 340 4556 57.
846 4507 896 4560 eit,
914 4503 997 4563 qrertr
1011 4503 1151 4551 comitetur
1164 4497 1268 4563 (notiore
1287 4504 1416 4562 imprimis
1429 4505 1495 4551 emi·

191 4586 236 4637 te.
261 4585 299 4638 eti
322 4583 463 4650 aetertum]
489 4587 525 4647 0,
553 4586 598 4637 07.
628 4611 658 4623 -
686 4580 807 4648 prevete]
846 4577 959 4643 eornm).
981 4579 1028 4631 red
1048 4587 1134 4630 umen
1153 4580 1187 4630 eit
1206 4580 1246 4630 irie
1265 4582 1351 4632 toeioe
1370 4593 1422 4632 non
1440 4588 1493 4632 tem

155 4667 265 4731 Quippe
283 4667 312 4716 in
331 4665 437 4727 iontem
457 4665 663 4728 etionqtnquern
677 4663 806 4715 miiitiern.
847 4661 1015 4723 impudenter
1033 4660 1175 4730 deepeiieri
1194 4673 1284 4722 neque
1311 4663 1395 4712 omnir
1416 4673 1494 4724 gene·
1567 4669 1573 4682 ·

157 4747 314 4799 Veiieiutiu
327 4745 450 4796 ieudibue
462 4745 564 4796 Tiberii
576 4745 603 4802 0.
618 4744 685 4795 tior
701 4743 808 4806 Quanto
847 4743 882 4793 rie
910 4740 1091 4792 rexeuoniitue
1122 4752 1154 4790 ee
1183 4739 1320 4802 rnppiieiit
1358 4742 1490 4803 opprimi,

157 4840 214 4877 een
229 4828 317 4892 quiete
334 4825 469 4876 inminere
486 4837 541 4875 rem
561 4825 683 4887 perpetui
705 4825 809 4886 praeet-
846 4827 876 4872 ut
899 4819 996 4872 iettent
1014 4819 1138 4880 preeierti
1168 4823 1408 4884 centurionesque,
1439 4821 1493 4872 eie·

154 4907 253 4970 petqee
272 4906 396 4964 timorit,
426 4903 649 4968 supptementum,
673 4903 731 4954 tine
756 4910 808 4953 tre·
846 4901 959 4952 truneuii
986 4901 1115 4958 minuti.»
1142 4901 1232 4951 nteit
1255 4899 1372 4962 Lipsius.
1403 4900 1492 4954 iiinue

151 4986 291 5051 pidettoee
308 4983 424 5036 deterior
439 4984 581 5048 providet!
601 4984 676 5035 Line.
691 5006 722 5019 -
738 4995 808 5033 eom·
845 4987 916 5034 reete
926 4981 1063 5030 iirneetiue
1074 4983 1303 5045 interrogetionern
1324 4982 1396 5034 etuti
1414 4995 1495 5046 egee·

150 5064 266 5132 peritae]
288 5063 442 5126 comperite
467 5065 561 5116 reditio
585 5071 625 5115 eet
651 5068 806 5128 preeperete
845 5073 935 5119 stent.
955 5059 1061 5123 woodo
1080 5061 1269 5121 interpretetur
1287 5062 1390 5124 quippe.
1408 5085 1437 5100 -
1457 5063 1493 5112 rt·

149 5151 214 5204 1οη
233 5153 264 5202 ei
283 5147 425 5200 imtrnete.
451 5141 594 5209 Ceteroqui
620 5156 673 5197 non
699 5147 805 5210 ignoto,
843 5137 906 5205 ner]
925 5152 1006 5192 notor
1026 5140 1204 5204 teprreuenit
1223 5140 1316 5194 modos
1335 5147 1362 5195 tt
1374 5147 1495 5206 preties-
