3630 5880
519 419 639 486 cmm
659 421 700 486 ιι.
745 423 818 510 cap.
840 424 894 490 aa.
918 422 990 492 suo.
1012 423 1084 492 sor.
1412 423 1470 488 ιιι

147 578 258 666 agmine
286 578 531 646 unaetvicesima
555 581 663 666 Rapax
683 586 714 646 et
732 583 835 668 prima
860 580 966 648 Italica
994 580 1171 659 incessere,
1207 599 1279 646 cum
1300 578 1471 647 vexillariis

146 694 231 758 trium
249 690 505 758 Britannicarum
527 691 686 778 legionum
708 700 739 760 et
760 693 866 760 electis
887 693 1022 762 auxiliis.
1043 691 1186 780 prolecto
1202 693 1333 760 Caecina
1348 693 1472 776 scripsit

145 802 248 872 Fabius
270 803 386 872 Valens
409 803 562 870 exercitui
580 825 673 891 quem
692 805 761 890 ipse
782 806 978 884 ductaverat,
1007 813 1042 872 ut
1065 805 1097 872 in
1115 805 1227 873 itinere
1250 807 1467 892 opperiretur:

145 917 185 984 sic
200 914 259 982 sihi
275 936 349 982 cum
373 916 505 983 Caecina
523 917 723 998 convenisse,
754 921 807 1005 qui
829 940 978 1004 praesens
1001 941 1103 1006 eoque
1123 917 1257 984 validior
1273 918 1470 984 immutatum
1518 920 1548 1007 ij„

40 1023 43 1034 '
145 1033 173 1096 id
190 1029 352 1095 consilium
373 1027 481 1106 linxit,
504 1038 539 1096 ut
554 1030 711 1114 ingruenti
731 1029 816 1098 bello
837 1039 902 1097 tota
922 1031 1004 1098 mole
1025 1039 1255 1099 occurreretur.
1283 1030 1326 1096 ita
1348 1029 1491 1097 adcola-s
1520 1010 1526 1094 d

144 1162 206 1210 rare
225 1141 367 1226 legiones
390 1145 594 1219 Cremonam,
627 1163 699 1228 pars
720 1143 882 1211 Hostiliam
911 1153 1020 1229 petere
1047 1145 1166 1212 iussae:
1201 1146 1270 1227 ipse
1291 1147 1470 1211 &vennam

145 1255 281 1331 devertit,
305 1262 472 1341 praetexto
494 1257 624 1322 classem
644 1255 845 1344 adloquendi.
870 1277 944 1323 mox
957 1257 1078 1323 Patavii
1099 1266 1256 1323 secretum
1279 1275 1470 1342 componen-

145 1369 196 1434 dae
215 1367 404 1452 proditionis
427 1369 611 1455 quaesitum.
632 1389 767 1456 namque
790 1369 927 1437 Lucilius
941 1375 1055 1436 Bassus
1070 1377 1142 1454 post
1155 1370 1382 1456 praefecturam
1400 1367 1469 1434 alae

143 1481 303 1546 Βιιιιιιιιιί
329 1481 423 1547 simul
445 1501 482 1546 ac
499 1481 666 1548 Misenensi
691 1480 842 1550 classibus
863 1503 882 1548 a
901 1484 1027 1549 Vitellio
1047 1485 1261 1568 praepositus,
1297 1484 1383 1569 quod
1404 1500 1468 1546 non

143 1596 235 1660 statim
256 1593 488 1680 praefecturam
508 1595 660 1680 praetorii
681 1593 810 1682 adeptus
832 1594 930 1672 foret,
953 1595 1091 1682 iniquam
1110 1597 1300 1662 iracundiam
1315 1592 1506 1679 flagitiosam

142 1706 262 1794 perfidia
281 1706 501 1774 ulciscebatur.
524 1728 583 1772 nee
597 1706 672 1773 sciri
685 1715 789 1792 potest
803 1710 974 1774 traxeritne
989 1708 1168 1782 Caecinam,
1191 1730 1231 1772 an
1254 1707 1349 1794 (quod
1364 1705 1470 1772 evenit

142 1820 216 1887 inter
235 1819 350 1896 malos,
373 1828 409 1885 ut
430 1827 462 1886 et
483 1819 598 1886 similes
620 1818 689 1904 sint)
712 1818 821 1886 eadem
843 1819 914 1886 illos
929 1821 1064 1905 pravitas
1078 1821 1237 1909 inpulerit.
1282 1817 1365 1906 (itii)
1389 1821 1468 1884 scri-

142 1941 237 2019 ptores
259 1941 459 2018 temporum,
495 1935 550 2020 qui
576 1935 714 2019 potiente
745 1955 853 2000 rerum
885 1932 991 2000 Flavia
1025 1936 1120 2001 domo
1152 1941 1353 2000 monumenta
1390 1929 1468 1998 belli

141 2047 262 2111 huiusce
284 2055 545 2132 composuerunt,
569 2065 675 2111 curam
690 2045 774 2129 pacis
790 2055 822 2112 ct
834 2065 975 2112 amorem
998 2046 1228 2132 reipublicae,
1251 2053 1415 2128 corruptas
1434 2047 1468 2111 in

141 2157 343 2224 adulationem
364 2179 491 2236 causas,
514 2160 681 2225 tradidere.
704 2157 814 2236 nobis,
849 2179 943 2244 super
962 2159 1087 2226 insitam
1115 2158 1273 2225 levitatem
1296 2166 1327 2223 et
1340 2155 1466 2244 prodito
1476 2165 1505 2208 ¹⁸

143 2270 232 2338 Galba
251 2271 350 2338 vilem
371 2293 447 2338 mox
467 2269 580 2348 iidem,
604 2269 814 2336 aemulatione
836 2270 929 2337 etiam
950 2271 1149 2360 invidiaque,
1172 2292 1213 2336 ne
1231 2273 1272 2336 ab
1294 2269 1362 2337 aliis
1384 2269 1469 2354 apud

140 2385 289 2451 Vitellium
304 2385 513 2462 anteirentur,
535 2386 723 2472 pervertisse
743 2383 846 2471 ipsum
867 2383 1023 2452 videniur.
1069 2385 1201 2451 Caecina
1216 2383 1357 2469 legiones
1376 2385 1468 2450 adse·

200 2567 225 2616 i.
243 2567 471 2618 unaetvicensima
489 2565 528 2616 Μ.
549 2591 580 2604 -
607 2569 632 2617 et
647 2567 736 2630 primo
760 2570 785 2618 et
803 2565 898 2618 italico
916 2565 987 2618 haud
1006 2579 1112 2630 prorsus
1129 2565 1338 2630 improbabiliter
1355 2566 1468 2629 Ruperti

140 2642 163 2688 et
179 2635 301 2686 liuetrner
321 2650 352 2689 er
370 2637 405 2697 3,
432 2636 476 2688 31.
496 2637 554 2688 lion
573 2642 658 2688 tamen
685 2640 804 2699 recipere
824 2650 903 2690 ausus
929 2650 1006 2699 sum,
1035 2645 1142 2701 propter
1161 2637 1371 2693 dubitationem,
1399 2650 1469 2699 quae

139 2713 236 2758 moreat
253 2707 296 2758 iila
318 2707 402 2758 'faciti
422 2709 504 2770 ipsius
523 2707 611 2760 verba.
633 2706 866 2759 1011115011.-
884 2709 1010 2759 oeetiinrt
1025 2709 1134 2759 istriam
1145 2708 1183 2760 Μ.
1199 2735 1229 2746 -
1249 2707 1276 2756 3.
1296 2708 1370 2758 tritt.
1383 2709 1421 2761 Μ.
1438 2731 1467 2744 -

138 2777 162 2826 1.
179 2777 292 2829 solidior
312 2784 479 2829 remotorum
496 2778 534 2831 Μ.
555 2801 586 2816 ·-
613 2777 640 2828 5.
659 2779 754 2842 fuecit
771 2777 809 2830 Μ.
829 2803 862 2816 -
888 2780 948 2829 cde.
967 2779 1012 2830 llis
1033 2793 1090 2830 uec.
1109 2778 1141 2828 B·
1168 2803 1202 2816 -·
1228 2776 1255 2830 0.
1280 2790 1403 2828 cremone
1420 2778 1468 2836 ii,

139 2859 203 2906 aon,
223 2854 252 2899 ut
270 2855 393 2900 narratur
409 2850 480 2909 apud
498 2848 668 2907 Belslrerum,
688 2860 822 2899 cremona.
840 2871 867 2882 -
887 2849 914 2899 7.
936 2849 1022 2900 Habet
1037 2853 1178 2910 praetecta
1189 2848 1235 2907 Μ.
1255 2861 1308 2898 non
1325 2852 1468 2910 mortecto

139 2917 219 2970 tinell-
236 2917 300 2984 dgr.
330 2944 365 2956 ·-
388 2921 466 2981 ριιιιι·
483 2917 523 2969 Μ.
544 2943 574 2956 -
604 2919 631 2970 0.
649 2932 754 2982 nonque
771 2919 809 2971 Μ.
830 2941 862 2954 -
889 2919 1003 2970 tlemus
1019 2919 1057 2971 Μ.
1088 2919 1243 2970 limendarit
1260 2917 1416 2969 Rhenanus.
1436 2941 1469 2955 ·-·

140 2990 178 3038 10.
193 2991 365 3054 maturare
380 2988 419 3042 ii.
438 2991 534 3042 -13,
553 2990 610 3052 inp.
629 2990 674 3041 Μι
695 2991 760 3052 imp.
779 2989 810 3039 B.
831 3011 864 3024 -
895 2989 938 3040 13.
957 2991 1118 3040 monimento
1135 2988 1174 3041 Μ.
1195 3014 1224 3026 -
1259 2986 1302 3037 11.
1320 2999 1470 3048 ιοιιροιιιιι·

141 3070 193 3108 cum
210 3059 255 3110 lln.
276 3059 318 3112 ti.
338 3085 371 3097 -
400 3061 477 3122 reip.
495 3061 533 3111 Μ.
553 3085 586 3095 -
617 3061 662 3110 15.
681 3053 776 3110 institis
792 3057 830 3110 Μ.
862 3084 893 3094 -
919 3059 963 3108 17.
982 3061 1145 3110 nutrirentur
1161 3058 1209 3111 iii:
1241 3057 1386 3108 nutriretur
1410 3069 1469 3108 eunt

140 3127 209 3179 tori.
222 3137 248 3182 et
260 3129 334 3191 spir.
349 3129 380 3178 Β.
391 3153 426 3165 ·-
443 3132 529 3193 ipsum
546 3129 675 3181 uiteltium
692 3131 730 3182 Μ.
751 3127 837 3180 Gloar.
858 3128 1012 3182 deleverunt
1029 3129 1093 3193 lleg.
1112 3130 1174 3192 Agr.
1194 3128 1282 3192 Spin,
1302 3127 1416 3191 Lipsius.
1435 3149 1471 3166 -·

138 3199 253 3251 maror
271 3201 319 3254 Μι
341 3199 447 3250 uidetur
465 3211 525 3251 eum
545 3199 624 3252 Coris.
644 3200 676 3252 Β.
697 3223 728 3236 -·
747 3198 806 3250 ode.
825 3198 872 3252 ii:
892 3211 946 3250 oss.
966 3199 997 3250 Β.

138 3343 233 3408 liitter,
252 3351 283 3398 ui
296 3357 389 3398 omnes
402 3349 488 3408 paries
500 3345 660 3397 audiuntote
681 3344 782 3408 eQusr·
819 3344 893 3395 iocus
910 3344 1021 3407 Quintil.
1040 3341 1183 3405 3,3,11.
1208 3341 1331 3396 (lateram
1350 3343 1468 3410 intellige

139 3424 332 3486 iadecnmanir,
351 3428 455 3490 inquit,
476 3425 782 3477 eaviteiiioiniirttaa·
820 3429 963 3478 eaercttotn
984 3423 1141 3476 Germanias
1161 3422 1310 3483 inferioris,
1341 3423 1405 3488 Lag.
1424 3424 1469 3486 i.,

137 3506 200 3556 uiam
216 3508 323 3558 remissi
346 3511 426 3566 soni;
456 3517 547 3558 eorum
565 3511 654 3557 autem
678 3503 782 3558 serilla·
821 3505 1010 3564 V.Alaudam,
1029 3501 1312 3567 XV.Primlg.,XVl.
1329 3529 1358 3542 -
1379 3505 1470 3556 Hosti-

138 3585 184 3634 rios
200 3597 253 3636 uon
272 3589 397 3638 remissos
425 3597 483 3638 asse
510 3585 571 3636 inde
590 3591 680 3648 patet,
708 3584 780 3648 qaod
818 3582 991 3649 iinm1hodie
1013 3583 1135 3647 Osttpitc.
1164 3607 1196 3620 ·-
1223 3579 1374 3648 prostrate]
1393 3590 1424 3633 ιιι
1443 3587 1469 3646 1,

138 3663 217 3726 paullo
244 3669 307 3728 poet
334 3666 413 3716 etiam
438 3663 597 3727 reliquarum
622 3666 704 3716 trione
721 3663 781 3714 itri-
818 3665 861 3714 711.
883 3664 919 3726 3,
936 3664 979 3716 00.
1012 3688 1041 3701 -
1072 3659 1198 3728 Potoeis']
1231 3662 1374 3715 Baaennae
1399 3665 1469 3716 erim

139 3745 305 3795 tumidorum
332 3744 463 3809 legionum
489 3744 623 3794 cecillors's'
642 3743 781 3796 Caecinam
819 3757 906 3796 coram
924 3749 1018 3796 cuncta
1037 3743 1119 3796 classe
1139 3743 1252 3807 proditio
1272 3744 1333 3794 iniri
1350 3753 1380 3794 ac
1394 3755 1470 3806 prae·

137 3822 213 3874 Bona
238 3823 451 3888 proticiscentem
471 3827 554 3875 secuti
577 3835 782 3876 commemoren-
820 3827 903 3888 parari
921 3823 1058 3888 nequibat.
1080 3847 1111 3861 -
1142 3821 1272 3882 Lucilios]
1303 3822 1393 3874 Exstat
1411 3826 1469 3876 eius

137 3909 202 3954 ior.»
238 3903 395 3966 Respondet
420 3903 551 3965 Ruperti:
588 3904 706 3954 allecte:
734 3903 780 3954 sed
818 3907 943 3956 memoria
968 3906 996 3956 ln
1015 3904 1169 3965 Vespasiani
1190 3900 1331 3964 diplomate
1351 3902 1468 3963 militari,

138 3995 221 4034 earum
238 3989 361 4042 unium,
380 3983 534 4043 secundae,
560 3994 646 4034 nonae
665 3988 692 4034 et
709 3985 778 4033 rtee·
819 3984 892 4047 quod
908 3983 941 4034 ad
960 3983 987 4034 la.
1009 3983 1026 4032 1.
1047 3981 1154 4032 erlaibet
1172 3981 1293 4042 Lipsius,
1315 3985 1370 4032 tum
1391 3980 1467 4032 Grut.

139 4065 214 4116 simae
250 4061 296 4126 (3,
333 4057 405 4127 31),
448 4075 501 4114 non
539 4063 779 4128 quartaedecimae.
818 4058 1470 4124 573,1ι--131“311.11118.0111311131·

138 4141 217 4195 llutos
240 4144 375 4196 erestein
396 4140 528 4195 Othonem
546 4144 649 4203 studia,
675 4149 702 4192 et
719 4142 781 4191 hinc
821 4137 1467 4192 73111117.111011303111731111133313.

139 4220 200 4286 legio
225 4225 348 4276 anteesse
375 4221 446 4278 nand
474 4223 554 4275 dubie
581 4237 596 4275 a
623 4220 728 4273 Vitellio
754 4225 780 4272 in
817 4220 891 4272 sitii.
911 4219 1051 4271 rvcitio
1069 4217 1179 4272 sisso
1198 4224 1250 4272 cei.

139 4301 295 4355 Britanniam
314 4308 423 4355 remissa
441 4309 482 4356 est
493 4317 546 4355 una
559 4315 618 4354 curn
632 4305 688 4355 eiua
701 4301 780 4354 serii·
852 4302 914 4351 iiii.
933 4301 1073 4363 scriptores
1089 4295 1245 4364 temporum]
1264 4298 1356 4362 quales
1368 4311 1468 4351 memo·

140 4379 231 4434 lania.»
270 4382 301 4432 ld
330 4384 402 4446 quud
429 4396 491 4434 esne
510 4384 650 4447 significari
676 4382 782 4436 ridetur
818 4387 909 4432 rentur
944 4379 983 4434 Μ.
1015 4379 1134 4430 Licinius
1172 4379 1280 4429 crassus
1315 4378 1466 4441 Mucianus,

139 4462 192 4522 ipso
225 4476 249 4514 ι.
280 4462 501 4513 Britannicarum
529 4461 668 4530 ductivus,
708 4460 779 4524 quod
819 4461 944 4512 Servilius
975 4458 1130 4516 Nonianus,
1170 4457 1208 4508 Μ.
1235 4456 1342 4509 Clusius
1372 4457 1465 4510 llulus.

138 4541 358 4602 surioederimoe
375 4554 460 4605 aeone
477 4543 654 4605 competisset.
673 4561 707 4580 -
730 4539 781 4592 Fo-
819 4539 872 4591 cn.
898 4538 969 4590 nair
994 4537 1069 4588 item.
1089 4538 1142 4587 111.
1162 4535 1213 4586 111.
1233 4536 1282 4585 111.
1303 4536 1361 4589 Vol.
1381 4536 1417 4588 ii.
1439 4550 1465 4601 p.

139 4618 191 4671 dtas
220 4617 329 4684 Veteres]
358 4634 438 4685 quem
466 4623 611 4673 etiamtunc
639 4621 775 4672 infirmiter
818 4620 924 4671 171-
944 4618 1021 4668 ulem
1037 4629 1101 4667 moa
1116 4611 1466 4682 sidem1taciiumcontem·

138 4699 233 4753 Bomae
251 4699 390 4752 retinebat.
424 4699 453 4752 c.
471 4699 515 4752 00.
548 4725 577 4736 -
607 4697 779 4764 duetoreros]
818 4707 891 4764 pium
919 4698 990 4761 apud
1018 4708 1126 4752 umores
1155 4707 1244 4758 neque
1266 4697 1323 4758 ipae
1342 4695 1465 4749 Vitellius

140 4781 248 4833 ritanus
267 4782 411 4833 deneratas
442 4780 569 4841 sertum,
596 4781 668 4846 quud
691 4787 781 4833 amant
818 4785 849 4832 iia
868 4789 1026 4842 magnopere
1044 4775 1132 4826 ddisse
1150 4773 1264 4828 ridetur.
1287 4799 1314 4811 -
1335 4778 1465 4830 anteim-

139 4861 260 4922 imprimis
287 4861 397 4914 Plautus
427 4865 453 4912 et
480 4859 608 4912 Salustius
637 4859 706 4920 (Cat.
735 4860 777 4910 it.
817 4865 862 4910 tur
879 4884 891 4897 ·
907 4883 919 4894 ·
935 4852 1066 4920 omniur]
1084 4853 1161 4908 Nulla
1179 4853 1298 4916 profecto
1316 4863 1356 4908 est
1373 4869 1464 4918 causa,

140 4939 179 4991 ii.
198 4941 240 4992 10.
264 4942 321 5006 ing.
348 4935 422 5004 70.);
451 4939 484 4991 de
511 4952 565 5001 uuo
589 4937 670 4990 aerbo
691 4943 719 4990 et
736 4951 779 4989 ιι.
818 4952 864 4991 ιιι
891 4936 1069 4999 praeferamus
1101 4945 1176 4983 num.
1205 4934 1382 5000 singularem,
1415 4939 1463 4989 etsi

138 5025 241 5082 patrm
266 5020 376 5081 tritura,
407 5033 475 5082 quae
497 5022 524 5071 in
543 5019 702 5072 obscoenum
720 5029 779 5069 een·
818 5019 963 5075 itanesiius,
977 5015 1010 5066 de
1023 5015 1079 5065 solo
1092 5013 1215 5074 caecius,
1230 5015 1327 5079 inquit,
1341 5019 1381 5082 agi
1391 5023 1463 5080 patet

140 5101 318 5156 samarrauitt
330 5099 536 5164 coaequarent,
550 5097 778 5152 memorauiiiseet
817 5099 886 5152 clare
905 5109 920 5150 e
938 5108 980 5151 ιι.
997 5093 1104 5161 proedo
1124 5091 1226 5158 caue,
1247 5106 1315 5160 quae
1333 5096 1383 5150 soli
1400 5095 1464 5152 Cae·
