3630 5880
303 464 345 530 iii
657 463 847 531 CORNELII
869 466 1002 535 Ticiii
1022 468 1296 536 uisioniiliiiu

304 623 337 692 in
358 630 518 707 posterum
538 622 681 689 militiae.
705 622 825 691 addidit
843 627 935 692 classi
955 631 1093 694 urbanas
1115 632 1262 696 cohortes
1281 634 1314 694 et
1333 627 1503 715 plerosque
1519 642 1642 710 eprae-

303 738 451 813 torianis,
475 738 558 801 vires
577 744 609 802 et
622 739 723 804 robur
737 738 891 805 exereitus
905 748 999 826 atque
1013 741 1090 828 ipsis
1106 740 1238 809 ducibus
1252 743 1418 808 consilium
1434 749 1466 805 ei
1480 739 1639 804 custodes.

303 867 423 918 summa
453 847 663 935 expeditionis
691 851 827 918 Antonio
857 853 1005 928 Novello,
1045 855 1161 922 Suedio
1190 854 1341 921 Clementi
1372 851 1639 939 primipilaribus,

302 961 435 1029 Aemilio
456 964 604 1038 Pacensi,
627 962 678 1030 oui
697 967 876 1051 ademptum
891 987 910 1032 a
926 966 1022 1034 Galba
1043 967 1236 1036 tribunatum
1254 966 1452 1044 reddiderat,
1475 965 1639 1053 permissa.

281 1097 411 1147 scuram
437 1077 564 1143 narium
593 1079 693 1144 Osous
727 1077 860 1146 libertus
886 1079 1060 1160 retinebat,
1091 1086 1130 1149 ad
1168 1080 1396 1149 observandum
1424 1077 1640 1145 honestiorum

303 1188 396 1257 fidem
419 1189 596 1257 comitatus.
634 1189 775 1279 peditum
794 1193 996 1282 equitumque
1018 1195 1119 1280 copiis
1140 1195 1308 1264 Suetonius
1330 1195 1496 1270 Paulinus,
1525 1192 1642 1258 Marius

304 1303 428 1379 Celsus,
450 1302 570 1370 bunius
594 1304 701 1372 Gallus
714 1313 856 1372 rectores
870 1308 1025 1374 destinati.
1049 1312 1105 1375 sed
1120 1307 1256 1395 plurima
1268 1307 1348 1375 fides
1369 1305 1491 1372 Licinio
1506 1301 1641 1370 Proculo

302 1417 453 1504 praetorii
473 1417 644 1505 praelecto.
668 1420 696 1483 is
710 1422 850 1486 urbanae
866 1421 993 1489 militiae
1008 1423 1158 1510 impiger,
1182 1421 1337 1488 bellorum
1353 1420 1512 1496 insoleus,
1536 1425 1643 1484 aueto-

303 1529 429 1597 ritatem
450 1531 586 1606 Paulini,
609 1534 749 1620 vigorem
773 1533 874 1611 Celsi,
898 1539 1106 1602 maturitatem
1126 1536 1223 1613 Galli,
1247 1543 1281 1602 ut
1300 1538 1413 1622 cuique
1429 1542 1515 1608 erat,
1538 1531 1643 1597 orimi-

265 1647 428 1722 sonando,
459 1643 543 1732 quod
562 1643 742 1711 iaeillimum
761 1644 844 1714 sautu
869 1657 932 1725 est,
962 1671 1080 1733 pravus
1101 1658 1133 1714 et
1151 1647 1280 1714 callidus
1306 1646 1407 1714 bonos
1426 1655 1457 1712 et
1482 1647 1643 1712 modestos

303 1755 450 1823 anteibat.
494 1759 561 1843 (88)
594 1759 749 1845 sepositus
778 1779 834 1846 per
863 1781 919 1827 eos
949 1765 1015 1828 dies
1044 1762 1210 1829 Cornelius
1240 1760 1402 1830 Dolabella
1433 1763 1465 1824 in
1488 1756 1643 1824 coloniam

303 1872 505 1957 Aquinatem,
529 1880 720 1958 nequeatis
743 1871 885 1939 custodio
908 1895 1010 1962 neque
1032 1878 1184 1953 obscura,
1216 1875 1334 1940 nullum
1356 1873 1398 1940 ob
1420 1872 1557 1948 crimen,
1588 1869 1644 1937 sed

304 1991 426 2048 vetusto
448 1985 575 2049 nomine
598 1993 629 2049 et
650 1987 883 2072 propinquitate
906 1988 1023 2054 Galbae
1045 1996 1246 2055 monstratus.
1275 1990 1392 2054 multos
1415 2006 1433 2051 e
1455 1985 1645 2070 magistrati·

304 2099 382 2173 bus,
417 2117 562 2182 maguam
593 2097 802 2164 consularium
827 2108 949 2187 partein
973 2103 1077 2178 Otho,
1111 2122 1175 2168 nou
1206 2100 1374 2188 participes
1404 2107 1457 2166 aui
1484 2100 1644 2166 ministros

264 2209 404 2286 isbello,
426 2209 481 2276 sed
503 2213 651 2278 comitum
667 2212 774 2295 specie
790 2234 898 2280 seeum
918 2213 1067 2302 expedire
1082 2213 1188 2293 iubet;
1211 2217 1244 2280 io
1263 2213 1334 2302 quis
1352 2221 1384 2278 et
1404 2215 1535 2278 Lucium
1548 2211 1646 2278 Vitel-

304 2321 400 2400 lium,
424 2327 536 2390 eodem
561 2346 623 2411 quo
646 2336 767 2393 ceteros
789 2325 893 2403 cuitu:
914 2350 972 2394 neo
988 2336 1023 2394 ut
1041 2329 1241 2412 imperatoris
1263 2326 1391 2393 fratrem
1409 2347 1469 2390 nee
1482 2326 1643 2410 nthostis.

373 2526 400 2576 2.
420 2526 488 2575 uiris
505 2533 532 2577 ni
551 2538 582 2588 s,
601 2526 617 2577 b
644 2539 704 2580 oum
724 2533 816 2580 esteris
835 2528 919 2580 Codd.
941 2528 1098 2580 Emendssit
1116 2528 1232 2590 Lipsius.
1262 2553 1291 2566 -
1322 2527 1347 2579 3.
1369 2527 1475 2580 liabent
1491 2525 1601 2579 Nouello
1618 2539 1644 2585 s,

305 2595 332 2647 b.
351 2595 421 2647 Auis
440 2596 582 2648 Plebensm
602 2599 719 2650 edebant
736 2599 863 2650 Noveiiio.
883 2624 917 2635 —
935 2599 1016 2650 restio
1035 2614 1068 2656 s,
1089 2599 1115 2648 b.
1137 2621 1167 2637 -
1186 2598 1213 2648 d.
1235 2597 1330 2648 emutio
1348 2610 1382 2655 a,
1403 2600 1430 2648 b.
1450 2623 1484 2634 -
1508 2599 1534 2647 5.
1556 2597 1647 2648 oseios

304 2681 338 2724 e,
359 2666 386 2716 b.
413 2667 531 2720 Fortasse
549 2669 688 2729 Moschus,
709 2668 850 2732 absumpto
866 2683 923 2721 me
945 2671 1129 2732 praecedente.
1149 2670 1201 2720 Oa.
1217 2693 1249 2703 -
1267 2668 1294 2718 d.
1313 2669 1467 2720 immersisse
1485 2680 1517 2727 s.
1531 2668 1563 2728 b,
1585 2667 1644 2718 iesi-

305 2741 378 2787 ioins
396 2737 458 2872 Apol.
470 2738 554 2802 λλον..
573 2741 704 2790 inuitatos
723 2739 810 2792 Gueii.
829 2741 898 2791 liud.
919 2741 953 2790 Ui
971 2753 1036 2801 nos,
1056 2741 1079 2791 l.
1099 2741 1141 2790 Fr.
1161 2740 1318 2791 Gronovius.
1334 2761 1367 2775 -
1387 2741 1429 2790 12.
1449 2740 1645 2804 squirensem.

305 2808 400 2859 -15.
420 2815 444 2860 ei
477 2815 508 2860 ut
525 2823 550 2860 e.

304 2977 334 3022 ut
353 2973 431 3033 igitur
449 2974 543 3027 flerent
561 2975 697 3040 legionarii
716 2976 756 3027 rel
777 2978 856 3028 etisrn
881 2989 956 3038 prse-
994 2974 1099 3038 erpedi,
1118 2971 1277 3036 (liaberet)
1298 2979 1325 3027 et
1342 2975 1381 3023 rir
1400 2987 1456 3027 es.»
1475 2973 1644 3038 (Lousudres

304 3056 410 3105 torisui.
436 3043 495 3104 Cir.¹
511 3056 566 3104 bie.
590 3055 640 3116 32,
665 3057 714 3106 ¹23:
739 3057 848 3108 novales
875 3059 955 3114 sorti,
994 3069 1055 3106 oves
1070 3057 1181 3106 missiors
1198 3057 1229 3106 de
1246 3058 1334 3107 sutore
1352 3063 1375 3106 st
1389 3053 1567 3104 desnraeiller
1581 3067 1648 3105 reue

303 3135 403 3184 relioiis
421 3147 506 3198 nupsi·
523 3135 649 3188 eiossiias
667 3137 703 3188 od
720 3151 789 3200 spem
804 3138 957 3187 bosorois'o·
993 3139 1040 3200 qui
1056 3137 1176 3186 valuisset
1187 3137 1277 3187 misum
1294 3134 1408 3199 qualest:
1428 3133 1474 3188 sed
1487 3135 1647 3185 honestiores

303 3217 342 3264 rs's
357 3214 470 3266 militiae
487 3217 656 3282 transpressi·
678 3243 707 3255 -
726 3214 874 3281 pterosque]
897 3229 956 3279 per·
995 3222 1056 3268 suni
1074 3219 1181 3282 ingenui
1201 3224 1280 3280 eique
1300 3211 1465 3278 nobiliores.)
1484 3239 1518 3249 -
1534 3215 1648 3264 morum-

304 3295 418 3352 muiios,
445 3299 474 3344 ut
497 3293 566 3345 dnn.
590 3295 617 3353 i.
647 3295 674 3346 s.
695 3297 808 3358 Quintil.
829 3296 855 3355 d,
875 3296 902 3356 d,
921 3295 955 3346 'is
994 3293 1088 3361 tatem]
1108 3299 1298 3360 experientiam
1317 3309 1406 3349 rerum
1431 3305 1581 3354 senumque
1606 3297 1648 3344 iu·

303 3373 393 3422 uidens
409 3373 545 3436 plerosque
562 3377 605 3426 iro
626 3379 740 3439 pereiim
765 3376 954 3427 sustentantes.
994 3377 1113 3436 dietum,
1140 3385 1236 3427 utnos
1254 3374 1407 3438 depretiem
1435 3373 1572 3425 Verstasad·
1603 3373 1648 3424 Slo

304 3453 488 3505 biemomniur
501 3453 527 3504 bt
542 3458 702 3515 praetoriani
716 3469 805 3507 rursus
822 3453 907 3513 2,11.
924 3479 954 3492 -
995 3457 1059 3508 Veii.
1079 3457 1105 3517 2,
1120 3457 1186 3506 125ε
1204 3459 1297 3507 veiens
1310 3455 1478 3517 imperatoris
1489 3454 1646 3504 mosamius.

304 3534 372 3583 uires
402 3538 426 3583 et
454 3529 547 3596 robur]
582 3531 752 3604 Ἑνοργείας
779 3548 841 3597 ergo
872 3536 956 3598 iungit
1027 3537 1071 3588 88.
1090 3532 1232 3599 sepositas]
1255 3536 1300 3587 Sis
1325 3536 1399 3586 Suet.
1426 3534 1480 3586 Tit.
1508 3533 1543 3584 tir
1574 3534 1648 3583 Titne

305 3613 370 3664 bees
389 3612 546 3678 homonyme
565 3617 643 3667 silem
662 3616 689 3672 2,
709 3617 758 3665 ii:
782 3615 842 3678 plns
859 3615 957 3665 sirium
992 3616 1104 3680 (ruerem
1115 3640 1126 3653 ·
1137 3641 1148 3652 ·
1159 3629 1205 3666 neo
1216 3615 1332 3667 occidere
1342 3627 1423 3679 neque
1435 3625 1558 3678 seponere
1570 3615 1649 3664 susti·

304 3707 338 3744 oe
356 3690 467 3742 roboris.
489 3695 614 3747 Eiusdem
633 3699 735 3759 generis
755 3695 784 3745 G.
797 3694 851 3745 ses
872 3693 958 3744 oseul-
993 3700 1063 3748 nuit.
1078 3721 1108 3733 -
1129 3694 1264 3746 Cornelias
1276 3691 1431 3758 Dolabella]
1455 3695 1571 3746 Gnaeum
1584 3693 1649 3745 dieii

305 3780 362 3826 tore
389 3779 414 3823 et
440 3774 545 3826 obdere.
572 3801 601 3814 -
630 3774 815 3840 tribunatum}
841 3774 956 3826 sonorus
993 3779 1067 3829 Suet.
1088 3775 1163 3827 tietb.
1184 3777 1227 3826 12.
1257 3776 1326 3827 lium
1353 3777 1430 3826 simul
1455 3787 1515 3826 oum
1541 3773 1648 3826 Othone

306 3855 432 3910 urbense.
458 3855 488 3907 G.
510 3856 553 3906 20.
579 3880 609 3892 -·
640 3868 731 3906 mrum
753 3852 882 3918 nardum]
909 3854 954 3904 ubi
994 3865 1021 3910 et
1038 3858 1132 3908 Pisone
1150 3858 1321 3919 adoptionem
1348 3856 1447 3907 Geibse
1469 3854 1583 3906 ambisse
1602 3867 1649 3904 au·

306 3936 425 3998 peditum
454 3940 630 4000 equitumque
663 3939 754 3998 eopiee
788 3937 814 3986 in
846 3934 955 3986 Gelliam
994 3946 1050 3989 einr
1068 3936 1222 3989 Piutsrobus
1242 3937 1274 3992 G.
1294 3937 1345 3988 2³2
1366 3933 1570 3987 Γινώοκωνοὲ
1589 3933 1649 3985 τῶν

305 4017 479 4080 appulissent,
500 4021 521 4066 is
546 4017 689 4082 remigibus
715 4028 836 4077 praeesse
864 4021 908 4076 et,
933 4017 956 4064 si
994 4017 1087 4082 φ1λων
1108 4016 1206 4080 ἐνίους
1227 4016 1283 4082 μὲν
1294 4011 1368 4087 ὑπὲρ
1381 4012 1560 4076 Δολαβέλλα.
1576 4011 1650 4078 τοὺς

306 4099 370 4161 quid
390 4098 540 4148 detrimenti
560 4109 652 4158 passae
674 4102 762 4149 essent
789 4107 884 4153 neres,
912 4107 956 4145 ees
993 4097 1024 4148 oi
1045 4096 1198 4160 πλείστους
1219 4090 1292 4165 ὑπὲρ
1307 4090 1436 4158 Ὄθωνος
1457 4089 1650 4164 ἀρχαιρεσιά-

306 4179 460 4230 redolendes
485 4190 577 4228 aurare
602 4177 725 4228 debebat.
747 4199 778 4214 ·-
805 4171 956 4238 sumitates]
995 4181 1114 4241 ζοννας,
1139 4168 1180 4228 ὧν
1208 4171 1364 4247 οὐδέτερον
1395 4173 1566 4238 ἐδοκίμαζεν
1593 4169 1650 4225 aei-

306 4258 383 4309 ieetio
401 4271 531 4320 perquem
557 4263 673 4316 ineerta,
699 4257 746 4308 sed
765 4260 851 4318 potior
868 4264 956 4306 temen
996 4252 1056 4319 νός,
1091 4252 1178 4320 ἄφνω
1208 4251 1301 4320 μηδὲν
1331 4249 1478 4320 προειπὼν
1507 4255 1650 4317 μετεπέμ-

306 4342 412 4396 eeteris,
433 4343 512 4390 etiem
536 4338 626 4402 lipsiii
654 4339 799 4394 inritatos,
827 4336 956 4387 Weiiberi
995 4346 1079 4403 ψατο
1109 4335 1256 4387 Heluoru-
1294 4332 1404 4384 Occisus
1432 4337 1525 4394 postes
1548 4331 1648 4383 Vitellii

305 4418 382 4470 mmai
399 4419 492 4476 dutus,
520 4418 591 4481 quod
611 4417 796 4469 Germanicum
815 4422 854 4466 esi
873 4415 956 4480 beiqe·
997 4420 1086 4475 iussu;
1107 4415 1173 4465 inire
1188 4415 1216 4474 2,
1229 4409 1505 4476 6³.-iqoineiem]
1521 4413 1649 4474 oppidum

304 4500 391 4563 pelian.
412 4512 465 4549 non
494 4499 635 4552 belinum:
660 4497 749 4548 Bedan
774 4497 843 4546 idem
866 4495 955 4546 dotus.
998 4498 1079 4554 Leiii,
1105 4499 1185 4547 eiiam
1210 4507 1282 4544 nune
1306 4492 1421 4557 Aquino.
1443 4517 1474 4530 -
1498 4505 1581 4555 oeque
1606 4492 1650 4543 ab·

307 4579 405 4629 Sensus
426 4586 474 4637 est,
494 4586 525 4629 ut
542 4578 645 4640 Lipsius
661 4581 698 4628 sii
716 4579 743 4626 in
762 4577 955 4638 bispuueiiona
994 4573 1084 4641 seura]
1105 4589 1157 4626 noo
1178 4579 1204 4626 tu
1224 4587 1356 4627 cerassem
1376 4573 1501 4624 conditus
1518 4579 1580 4630 est,
1601 4573 1648 4623 sed

307 4657 372 4709 Cod.
392 4659 571 4710 blirenduisni
592 4658 642 4707 lid.
667 4659 795 4719 iniverp,
823 4655 901 4706 idti'l.
929 4668 955 4717 p·
995 4658 1157 4720 magistratui
1177 4655 1254 4706 alieni
1273 4655 1399 4717 squineii
1418 4656 1444 4704 iu
1465 4651 1575 4703 liberem
1604 4664 1650 4704 ou·

306 4738 357 4788 272
379 4737 531 4791 «Sententia
551 4739 636 4796 eleis,
663 4737 784 4787 liberium
805 4738 881 4786 istum
903 4731 956 4798 (eui
995 4739 1105 4788 stodiam
1125 4735 1212 4786 deins.
1239 4733 1363 4785 Ceterum
1383 4733 1430 4785 eir.
1458 4732 1592 4784 Pluiereb.
1613 4733 1649 4783 0.

306 4822 395 4880 generi
416 4822 548 4881 prinsipes
567 4820 679 4869 menime
698 4813 956 4878 eredebsuiidstum
994 4819 1031 4868 52
1057 4815 1089 4868 ἐν
1117 4809 1216 4886 Ῥώμῃ
1245 4813 1449 4878 Δολαβέλλας,
1473 4808 1651 4884 εὐπατρλδης

307 4898 340 4948 sb
359 4897 463 4948 Oiboue
481 4898 513 4948 ed
533 4897 723 4950 observandem
744 4896 821 4947 iidem
839 4896 957 4946 bonesti·
994 4893 1090 4965 ἀνήρ,
1112 4887 1251 4957 ὑποψίαν
1272 4899 1392 4964 παρεῖχε
1416 4897 1480 4957 τοῖς
1500 4889 1650 4958 μισθοφό-

307 4991 393 5034 orum,
413 4978 511 5029 dueum
528 4980 637 5034 sollioei,
658 4979 705 5039 qut
725 4983 864 5040 preessent
879 4974 956 5026 elsssl
994 4989 1057 5045 ροις
1074 4972 1200 5042 νεώτερα
1211 4978 1343 5042 φρονεῖν.
1369 4968 1498 5024 ‘lineisve
1512 4963 1647 5036 μὲνοῦν,

308 5058 468 5110 Geiiieenee·
488 5059 587 5110 Vitium
611 5059 690 5108 modo
710 5063 750 5109 est
767 5060 793 5106 iu
813 5069 839 5104 v·
857 5057 957 5105 inos'io-
993 5050 1042 5106 εἴτ’
1055 5046 1151 5104 αὐτὸν
1171 5049 1221 5102 eir’
1233 5045 1323 5105 ἄλλον
1338 5048 1488 5116 δεδοικώς.
1509 5046 1649 5115 sicusim

307 5145 359 5200 sao,
381 5139 453 5202 quod
471 5137 623 5192 rioreniino
648 5143 688 5190 asi
711 5138 877 5188 immoratos.
898 5135 956 5187 ilos
994 5130 1123 5186 Ἀκύνιον
1142 5134 1337 5207 παρέπεμψεν
1357 5127 1598 5208 παραθαρῥύνος.
1616 5153 1649 5171 -
