3698 5886
283 567 289 576 .
323 477 356 546 ·i
687 463 875 534 CORNELII
895 459 1027 529 ricini
1046 455 1320 525 msioulaauii

158 587 310 655 aorem

30 721 107 752 {m
123 687 254 748 mmm
335 637 471 724 cipetum
493 632 557 717 dixi
578 636 700 698 Nervae
722 636 754 694 et
773 625 940 712 imperium
962 621 1104 696 Traiani,
1128 615 1307 685 uberiorem
1322 609 1580 696 securioremque
1602 628 1669 674 ma·

27 791 98 840 μιν,
131 759 234 831 suast
248 763 285 824 tr
334 752 461 826 leriam,
498 745 649 812 senectuti
678 740 824 828 seposoi,
861 757 934 803 rara
962 743 1140 821 temporum
1166 729 1333 805 felicitate,
1372 726 1428 790 ubi
1450 722 1566 790 sentire
1588 743 1670 810 quae

27 850 178 942 iiw·
332 863 431 941 velis,
456 869 488 928 et
509 880 591 946 quae
613 855 728 922 sentias
750 853 855 919 dicere
877 853 961 916 lieet.

418 976 457 1061 (2)
492 975 578 1059 Opus
612 967 780 1068 adgredior
811 965 949 1051 opimum
981 963 1123 1037 essibus,
1160 965 1255 1024 atrox
1287 953 1429 1040 proeliis,
1469 951 1590 1018 discors
1623 971 1672 1015 se·

311 1090 521 1165 editionibus,
566 1085 636 1169 ipsa
666 1081 763 1148 etiam
794 1100 872 1166 pace
901 1095 1040 1142 saevom.
1078 1079 1226 1166 quattuor
1258 1068 1417 1158 principes
1452 1065 1541 1133 ferro
1575 1064 1672 1130 inter·

333 1207 440 1289 empti.
495 1201 578 1264 trinu
616 1199 700 1262 bellu
738 1191 853 1269 civilio,
896 1191 989 1274 plura
1026 1196 1156 1253 externa
1199 1205 1234 1250 ac
1274 1183 1460 1270 pierumque
1498 1177 1669 1266 permixta.

332 1335 504 1406 prosperae
525 1315 558 1378 in
580 1309 726 1384 Oriente,
762 1307 912 1372 adversae
940 1305 973 1366 iu
1001 1299 1170 1365 Occidente
1195 1318 1259 1363 res.
1303 1299 1464 1363 turbatum
1490 1293 1670 1378 lllyricnm3

335 1430 453 1498 Galliae
467 1431 629 1505 nutantes3
651 1421 829 1510 perdomita
843 1416 1002 1484 Britannia
1017 1421 1048 1479 et
1062 1413 1166 1478 statim
1189 1412 1300 1500 missiae
1323 1415 1450 1475 coortae
1472 1410 1505 1474 in
1527 1427 1585 1472 nos
1600 1407 1672 1470 Sar·

402 1643 430 1694 4.
449 1637 543 1704 opibus
561 1636 600 1687 iii.
637 1633 753 1692 lituos,
772 1630 834 1694 dgr.
853 1628 932 1680 Corb.
953 1627 1018 1690 Rep.
1040 1625 1110 1687 Splr.
1136 1645 1168 1658 -
1195 1601 1231 1673 bf
1243 1621 1330 1672 liabet
1347 1623 1407 1684 ipso
1424 1584 1468 1681 Μ’,
1489 1631 1542 1670 aen
1559 1619 1590 1668 io
1612 1618 1674 1681 ipso

333 1712 395 1778 ligr.
415 1709 545 1762 ilercsld.
567 1731 597 1743 -
625 1703 714 1756 Habet
739 1715 845 1752 saccom
862 1700 900 1750 Μ.
931 1724 960 1736 -
992 1699 1018 1746 7.
1035 1707 1159 1760 prospere
1176 1693 1215 1744 Μ.
1236 1719 1265 1730 -
1294 1694 1404 1743 orientes
1422 1691 1459 1742 Μ.
1482 1716 1510 1728 -
1541 1682 1674 1740 occidenti

333 1783 497 1836 returbotrrm
514 1779 554 1832 Μ.
573 1799 606 1815 -
624 1775 650 1826 11.
669 1775 819 1839 perdomito
837 1769 894 1836 (stc)
913 1769 1063 1820 britannice
1081 1767 1118 1818 111.
1141 1789 1169 1802 -
1191 1763 1294 1815 sollerte
1311 1763 1349 1816 M.

335 1951 479 2014 reprimere
504 1944 634 1996 soluisse:
666 1953 726 1992 narn
752 1937 860 1988 Tacitus
884 1947 924 1985 res
950 1931 983 1983 ab
1022 1931 1211 1982 Domitianum.
1231 1928 1298 1980 Nem
1318 1927 1394 1978 eiad
1418 1927 1496 1978 buius
1516 1927 1614 1979 exlium
1629 1924 1675 1976 iii·

334 2034 452 2094 Augusto
477 2032 562 2090 pestes
590 2035 643 2072 non
669 2019 753 2070 solum
778 2030 830 2068 non
863 2015 982 2075 scripsit,
1022 2011 1270 2072 storiamperdurli.
1290 2005 1676 2060 PisoauiemdumtaratCse·

334 2111 381 2164 sed
400 2109 481 2169 idem,
503 2106 564 2156 dum
583 2105 615 2154 iis
634 2100 753 2151 dicendis
778 2097 847 2147 haud
870 2093 984 2146 doluisse
1021 2105 1073 2148 sar.
1101 2105 1153 2140 non
1179 2093 1311 2152 princeps.
1340 2090 1416 2139 Lras.
1438 2113 1469 2126 -
1493 2089 1569 2138 trino
1595 2081 1674 2148 bello]

336 2193 431 2243 decors
452 2189 554 2251 ingenis
571 2186 642 2234 Anu.
658 2182 723 2242 1,1.
743 2179 895 2242 profitetur,
916 2175 985 2224 elus·
1022 2173 1133 2222 Othonis
1148 2175 1174 2220 in
1188 2171 1330 2230 Vitellium,
1345 2169 1423 2220 lautus
1435 2172 1461 2220 ln
1472 2169 1674 2229 Vespasianum,

335 2272 407 2323 erodi
425 2272 559 2329 inceptum
579 2277 612 2315 ne
625 2268 715 2324 aptum
730 2258 838 2320 quidem
852 2268 909 2306 esse
923 2255 984 2304 satis
1023 2261 1049 2303 ec
1062 2251 1091 2300 L.
1106 2252 1217 2302 Antonii·
1235 2251 1261 2300 ln
1275 2249 1466 2308 Domitianum,
1483 2247 1516 2300 de
1532 2235 1585 2309 uuo
1599 2245 1675 2296 Suet.

335 2351 437 2416 liquido
457 2346 626 2399 declararit.»
639 2341 751 2390 Rrrran
769 2337 803 2387 ad
816 2337 884 2386 aun.
899 2332 925 2392 ³,
939 2332 983 2382 ei.
1022 2333 1099 2384 liorn.
1119 2331 1145 2380 6.
1165 2339 1193 2382 et
1211 2329 1261 2380 iilo
1279 2329 1322 2387 ci,
1343 2331 1390 2379 11.
1409 2329 1442 2378 ad
1462 2340 1486 2379 a.
1506 2328 1569 2380 644.
1598 2327 1675 2378 ers.

337 2453 365 2470 —
387 2423 542 2488 uberiorem]
569 2429 677 2485 propter
704 2418 853 2484 magnificas
878 2413 983 2463 Tralsnl
1025 2407 1210 2474 -permlciol
1233 2411 1326 2462 eodem
1343 2414 1462 2472 tempora
1476 2417 1557 2474 peste.
1571 2416 1677 2460 uicum

336 2525 377 2563 res
397 2517 490 2575 pastas.
506 2530 536 2544 -·
550 2496 764 2564 securioremque]
787 2501 917 2558 quatenns
936 2491 985 2541 sub
1022 2493 1137 2544 Floriani
1148 2491 1379 2554 bellamgarerant
1394 2489 1675 2544 adversusVlielllurn.

335 2593 421 2644 Nerrs
440 2597 466 2639 ci
483 2587 597 2636 Tralsno
615 2580 686 2632 nulla
710 2587 761 2629 tem
785 2577 843 2626 dira
869 2574 984 2624 iscloora
1023 2573 1097 2622 Titus
1123 2572 1248 2624 adversus
1268 2572 1389 2622 ludaeos.
1403 2595 1438 2606 -
1457 2571 1594 2622 turbatum
1612 2568 1678 2632 liip-

336 2671 560 2723 commiscuerant
574 2657 888 2726 quemsubllomltiano.
910 2651 984 2704 clloll
1023 2648 1118 2714 sicum]
1139 2651 1192 2702 Cir.
1213 2651 1242 2702 C.
1257 2651 1284 2700 ii.
1299 2651 1424 2712 41766,
1443 2651 1500 2710 85„
1521 2650 1566 2702 ubl
1579 2649 1677 2714 lllyrici

337 2753 450 2816 cogitare
469 2747 501 2798 de
519 2742 642 2809 periculis
661 2740 695 2790 ob
714 2742 827 2802 priorem
850 2736 984 2785 historiam
1023 2736 1130 2784 nomine
1149 2731 1352 2794 comprehendit
1375 2731 1547 2792 Dalmatiam.
1573 2729 1679 2780 Panno·

336 2832 457 2893 scriptori
482 2823 604 2876 timendis
638 2818 708 2884 (nam
734 2817 794 2868 ielis
823 2823 886 2865 tuoe
911 2818 987 2863 oraui
1023 2818 1109 2876 uiam,
1128 2814 1266 2865 Moesiam.
1286 2812 1393 2874 loseplr.
1412 2813 1445 2862 B.
1464 2813 1523 2863 lud.
1542 2812 1569 2870 2,
1589 2809 1676 2871 1611.

336 2907 497 2974 ιιι111ι1,1ι6
520 2905 552 2956 de
577 2901 675 2960 rebus,
705 2912 772 2962 quac
798 2896 875 2948 lrllarl
897 2895 985 2944 auimo
1024 2895 1093 2946 lilii:
1125 2893 1156 2944 oi
1183 2891 1213 2944 δὲ
1234 2888 1294 2943 ἀπὸ
1316 2891 1376 2946 τῶν
1399 2889 1523 2966 Θρᾴκιον
1544 2885 1678 2959 'iilvprol

338 2998 365 3046 at
381 2995 438 3044 sine
457 2997 520 3040 eura
538 2988 584 3034 ant
601 2993 727 3034 aerumna
745 2991 760 3029 e
781 2977 892 3040 publicis
911 2974 985 3024 malls
1024 2974 1078 3041 τὴν
1107 2968 1198 3044 μέχρι
1233 2971 1402 3036 Δαλματίας
1431 2964 1678 3036 ἀποτεμνομένην

338 3071 449 3124 oriunda
475 3067 598 3130 poterant
625 3063 750 3113 enarrari.
780 3058 847 3109 Nam
876 3058 986 3106 materia
1017 3049 1120 3125 Ἴστρῳ
1144 3050 1371 3115 κατοικοῦντες.
1406 3047 1443 3104 ου’
1472 3049 1538 3104 ioci
1570 3046 1679 3116 μόνοις

337 3164 430 3204 secoro
447 3157 488 3200 ess
506 3147 587 3197 libers
601 3153 615 3192 e
628 3143 707 3200 curis,
721 3138 864 3190 aerumnis.
885 3135 985 3185 llodsrn
1025 3129 1172 3200 τάγμασιν
1188 3125 1360 3184 destrones,
1381 3129 1446 3196 pse·
1464 3121 1504 3182 ὦν
1516 3125 1604 3182 arisel
1625 3123 1680 3192 τὰς

337 3245 416 3284 seusu
441 3240 560 3280 securum
581 3234 682 3272 merum
709 3218 808 3269 Tibull.
835 3216 915 3275 a.1‚
940 3214 985 3264 46.
1024 3209 1127 3263 Δακῶν
1141 3205 1364 3264 ἀνακόπτουσιν
1376 3204 1488 3278 oppido:
1511 3203 1543 3262 l‘.
1558 3209 1587 3271 4,
1601 3207 1628 3258 3.
1649 3231 1677 3244 —

337 3312 435 3375 Ilelesse
453 3309 522 3359 auu.
542 3304 570 3363 4,
582 3301 645 3352 66.»
664 3299 825 3351 Wssrneu.
845 3296 942 3348 Verum
959 3293 987 3345 id
1026 3289 1132 3342 Gallius
1149 3286 1283 3353 aaronica]
1295 3289 1323 3348 4,
1336 3289 1381 3340 ie.
1398 3313 1428 3326 -
1440 3285 1600 3353 perdomito]
1615 3287 1678 3351 dar.

338 3394 427 3456 potius
446 3386 584 3451 signifieat,
604 3379 675 3442 quod
689 3382 716 3428 la
729 3375 864 3428 tradendis
877 3373 985 3432 Galbae.
1026 3373 1078 3422 itis
1098 3371 1243 3421 Britomsio
1255 3393 1290 3406 ··
1311 3369 1366 3420 iom
1386 3371 1505 3432 primum
1528 3369 1680 3434 perdomito

338 3471 448 3532 vitellii,
467 3463 611 3518 Domitiani
631 3459 709 3511 rebus
723 3455 869 3507 timendum
882 3465 988 3515 semper
1026 3458 1079 3508 est;
1106 3449 1250 3500 Domitiani
1269 3454 1359 3500 autem
1387 3450 1488 3501 ultimis
1516 3447 1678 3512 temporibus

339 3556 414 3611 erat,
437 3562 471 3601 ne
489 3547 625 3598 homiuum
644 3539 852 3590 laeluorosorurn
871 3540 988 3599 posteros
1025 3533 1146 3590 mirsam,
1164 3530 1191 3580 ld
1213 3537 1261 3588 est,
1282 3532 1415 3591 omissam,
1434 3529 1475 3596 (ιιι
1495 3531 1564 3582 Ano.
1584 3529 1612 3588 6,
1627 3526 1679 3578 66ι

338 3632 474 3690 laederet,
500 3633 530 3678 ut
547 3627 584 3677 aii
609 3624 665 3683 lpse
688 3618 758 3668 Aac.
778 3618 804 3681 4,
823 3617 875 3667 33:
895 3615 989 3666 recito-
1026 3611 1151 3661 docenio
1169 3605 1276 3666 omisso)
1294 3611 1439 3673 neglectam
1459 3623 1516 3663 esse
1535 3615 1624 3661 censet
1636 3606 1681 3658 Li·

338 3721 397 3764 rum
416 3747 424 3773 ‚
443 3709 487 3776 qui
509 3704 613 3756 Tiberio
633 3703 740 3764 repente
756 3710 870 3762 poenum
893 3695 933 3747 osi
950 3695 990 3743 ιἰι-
1028 3694 1108 3754 psius.
1129 3689 1179 3740 Per
1197 3689 1260 3738 milri
1281 3692 1377 3740 mirum
1395 3691 1492 3742 eccidit
1504 3703 1555 3742 uec
1567 3685 1681 3751 Llogard

340 3793 436 3857 iamim
459 3788 568 3846 subiere,
593 3781 692 3846 posteri
717 3785 822 3828 moueat
848 3781 898 3828 cet.
927 3775 990 3826 Erat
1030 3769 1119 3823 Gessit.
1139 3782 1192 3819 ooo
1209 3769 1335 3832 Euplond
1352 3770 1374 3821 1.
1395 3784 1422 3833 p.
1444 3769 1486 3822 39.
1507 3783 1595 3833 neque
1613 3767 1681 3830 Lep.

340 3875 391 3926 boc
431 3879 538 3933 quoque
575 3861 738 3928 periculosos
775 3857 882 3920 pienum
924 3866 990 3916 opus
1029 3851 1146 3917 penberg
1159 3847 1249 3900 (ἔνιοι.
1262 3851 1451 3916 coelispicem
1464 3851 1487 3902 i.
1500 3863 1528 3914 p.
1542 3849 1585 3900 ³8.
1600 3847 1681 3898 ullam

341 3953 425 4012 oleos,
445 3947 575 4000 utAslulo
588 3941 716 4000 Pollioni,
731 3938 860 3989 bellorum
874 3936 989 3988 cirillum
1028 3933 1239 3998 gravissimorum
1258 3929 1352 3980 horum
1373 3930 1515 3982 verborum
1534 3928 1682 3984 Bsiroeoio

342 4031 472 4095 scriptori.
492 4026 620 4078 acclamat
637 4020 771 4070 lioratlus.
1027 4014 1117 4063 stetim
1134 4011 1214 4060 misso
1244 4013 1372 4060 rationem
1400 4009 1533 4062 lrebulssc.
1569 4007 1682 4058 Prorsus

377 4115 404 4163 11.
441 4109 555 4171 opimum
573 4096 685 4162 coelius]
705 4097 886 4162 antiocenae
903 4107 991 4147 emen·
1029 4093 1118 4144 rellets
1135 4101 1271 4152 nunquam
1290 4103 1337 4152 pro
1363 4095 1435 4141 certo
1463 4095 1504 4141 esi
1527 4089 1681 4144 Britannis,

345 4195 450 4247 datione
478 4185 594 4247 corrupti
619 4196 644 4234 ι.
669 4178 743 4231 iled.
769 4178 863 4242 opibus
886 4180 938 4227 lam
964 4179 990 4224 in
1030 4175 1078 4224 atsi
1099 4171 1177 4223 etlam
1196 4177 1255 4232 post
1272 4169 1357 4220 Taciti
1384 4176 1498 4223 actsiem
1525 4175 1626 4222 atroces
1654 4170 1684 4220 in

343 4265 710 4340 iieg.corb.apr.ersiauts
727 4258 897 4308 nlntiadlrue
918 4267 992 4318 prse-
1030 4267 1060 4306 ea
1078 4250 1165 4303 clades
1184 4253 1301 4312 perpessi
1330 4257 1394 4302 sunt
1420 4251 1544 4303 Romani.
1582 4249 1682 4300 Fronto

345 4355 456 4410 stantius
475 4346 648 4408 excogitatum
669 4345 725 4399 esta
744 4349 849 4388 sensum
866 4337 992 4387 divinarit
1030 4335 1063 4386 de
1082 4331 1149 4384 bello
1167 4329 1289 4382 Perilrlco
1314 4331 1348 4381 ir
1375 4330 1519 4382 Hodrs'ooo
1542 4331 1685 4394 imperium

346 4422 632 4496 interpolatorGueli.r
647 4420 754 4485 pienum
771 4418 855 4467 aronis
873 4417 991 4473 eosiiosr
1031 4413 1170 4468 obtinente,
1198 4417 1329 4475 quonium
1352 4411 1467 4461 miiitum
1495 4424 1514 4462 o
1540 4409 1683 4462 Britannis

346 4528 398 4568 osas
416 4513 512 4576 e'popos
528 4496 945 4555 demandauerresiouanore.
960 4521 993 4532 -
1031 4491 1146 4545 commi
1175 4489 1307 4553 Spartlao.
1337 4494 1364 4542 ln
1388 4491 1471 4544 liade.
1497 4493 1530 4543 5:
1556 4487 1683 4542 Britanni

347 4602 407 4663 ipse
423 4604 489 4658 poce
511 4581 606 4652 serum}
631 4580 672 4632 Ad
696 4579 839 4630 Domitiani
864 4579 994 4640 principa·
1031 4573 1114 4624 isaari
1129 4570 1175 4621 sui
1193 4570 1315 4622 ilomooo
1333 4571 1436 4624 diolcos
1452 4585 1508 4622 noes
1528 4571 1681 4636 perueniat.

349 4686 405 4730 turn
423 4676 525 4736 spectat
542 4661 703 4718 delatoribus
719 4657 872 4710 iocundum.
887 4656 994 4707 Duras.
1032 4655 1103 4716 Ergo
1121 4663 1153 4701 co
1172 4649 1338 4711 devenimus,
1358 4656 1388 4702 nt
1406 4651 1494 4714 paullo
1514 4651 1683 4709 eliceretque

350 4756 426 4810 Adde
445 4751 527 4814 ipsine
541 4743 683 4798 liornltlaul
697 4743 836 4791 immanem
848 4739 993 4789 saerltlam.
1033 4734 1137 4794 Lipsius
1152 4733 1357 4793 interpretemur
1369 4745 1411 4785 rr.
1425 4732 1592 4784 obscuriores
1607 4733 1685 4778 csta-

351 4835 501 4889 Alrlutlrum
527 4831 614 4878 autem
639 4819 787 4874 absolutum
816 4811 920 4882 (αὐτῆς
944 4815 997 4881 τῆς
1034 4817 1080 4863 iiru
1098 4816 1157 4873 poet
1174 4808 1311 4873 Agricolae
1330 4814 1454 4866 statorias
1472 4811 1554 4864 nullas
1577 4811 1630 4860 iam
1655 4810 1683 4860 in

352 4909 471 4987 εἰρήνης
488 4901 592 4973 οὔσης)
617 4900 739 4967 praetulit
763 4896 860 4959 vulgari
884 4897 912 4946 trs
938 4896 998 4958 ipso
1035 4892 1214 4954 expeditiones
1232 4893 1321 4942 lerunt
1338 4893 1462 4944 adsersus
1475 4892 1615 4941 ilrltannos
1629 4888 1684 4940 llo·

351 4993 608 5064 paee-omnum
623 4973 763 5046 prinsipes]
786 4977 826 5030 Ne
848 4987 918 5027 erres
938 4987 996 5026 curu
1035 4976 1104 5025 oraui
1136 4985 1223 5036 necue
1251 4984 1295 5023 eos
1328 4973 1494 5025 debellarunt
1524 4983 1575 5023 nec
1601 4977 1684 5023 totam

354 5075 447 5138 vulgo,
477 5080 530 5118 neu
554 5064 676 5115 Pisonem
701 5063 770 5111 luter
793 5060 855 5107 istos
880 5067 996 5106 censeas.
1035 5054 1147 5104 insulam
1165 5055 1191 5102 lo
1205 5056 1356 5116 provinciae
1369 5055 1477 5106 iormem
1490 5052 1610 5116 redigere
1623 5064 1684 5114 per·

354 5134 997 5220 insedistienimGalbamotlronemilteliium,
1035 5139 1198 5197 serereruoi,
1217 5133 1264 5186 sed
1281 5137 1324 5202 ils,
1344 5147 1412 5203 quse
1424 5145 1473 5200 per
1484 5131 1621 5202 Agricolae
1634 5133 1685 5190 pp.
