3576 5880
448 501 568 567 uuna
589 499 640 570 rr.
682 497 758 587 cap.
777 499 831 566 aa.
854 500 908 566 ao.
931 499 1060 566 a1.a·a.
1361 503 1424 570 aas

91 661 196 729 oniasa
217 661 423 746 obpugnandi
444 682 501 746 ape
523 682 633 728 rursus
655 662 835 746 parotium
856 659 1034 738 adsidebat,
1062 656 1179 726 nuntiis
1200 664 1233 726 et
1260 663 1425 746 promissis

91 773 174 842 iidem
194 773 356 861 legionum
377 773 569 842 convellens.

166 887 226 974 (31)
251 891 338 954 llaec
359 890 392 954 io
415 889 582 955 Germania
603 895 674 954 ante
697 889 907 954 Cremonense
928 889 1083 973 praelium
1106 897 1206 977 gesta,
1230 891 1318 957 euius
1333 910 1428 958 eron·

91 1013 149 1070 mm
169 1000 293 1068 litterae
315 1004 412 1068 Primi
433 1003 559 1068 Antonii
581 1005 731 1078 docuere,
755 999 862 1068 addito
886 1002 1038 1068 Caecinae
1060 1001 1175 1070 edicto.
1199 1013 1231 1070 et
1248 1002 1428 1090 praelectus

91 1118 219 1182 cohortis
242 1135 260 1184 e
282 1115 382 1192 vietis,
404 1114 548 1199 Alpinius
569 1117 749 1191 llontanos,
771 1115 928 1181 fortunam
944 1115 1080 1200 partium
1095 1137 1245 1202 praesens
1258 1117 1425 1186 fatebatur.
1437 1154 1451 1196 2

92 1227 199 1296 dreni
230 1231 304 1296 hinc
331 1237 436 1296 motus
464 1230 651 1294 animorum.
681 1227 798 1294 auxilia
828 1251 845 1294 e
873 1231 983 1305 Gallia,
1015 1229 1085 1315 quis
1113 1250 1173 1296 nec
1201 1252 1292 1299 amor
1323 1252 1427 1318 nequa

91 1341 188 1408 odium
210 1343 245 1408 iu
265 1350 381 1428 partes,
404 1340 514 1409 militia
536 1341 604 1408 sine
625 1339 753 1417 allecto,
776 1343 977 1409 hortantibus
1000 1342 1165 1428 praelectis
1196 1347 1299 1410 statiua
1328 1366 1346 1411 a
1374 1346 1429 1410 Vi·

91 1454 168 1522 tellio
190 1453 385 1522 desciscunt:
409 1465 500 1521 vetus
522 1454 611 1520 miles
633 1457 847 1522 cunctabatur.
861 1454 930 1524 aad
946 1455 1094 1541 adigente
1110 1456 1292 1524 Hordeonio
1307 1431 1432 1536 Flacco,¹

91 1567 270 1636 instantibus
292 1568 439 1646 tribunis,
463 1567 543 1634 dixit
564 1577 804 1644 sacramentum,
829 1588 893 1635 non
915 1570 1003 1635 voltu
1025 1591 1128 1655 neque
1150 1573 1254 1638 animo
1276 1572 1350 1638 satis
1374 1575 1429 1643 ad·

91 1680 229 1761 lirmaus;
255 1689 287 1750 et
308 1703 380 1748 cnm
402 1690 507 1748 cetera
531 1679 748 1750 iurisiurandi
764 1678 860 1748 rerba
876 1681 1089 1770 conciperent,
1114 1685 1297 1772 Vespasiani
1312 1706 1466 1762 nomenre

91 1795 271 1864 haesitantes
308 1805 362 1863 aut
397 1794 460 1862 lesi
495 1815 658 1860 murmure
700 1804 733 1861 et
772 1796 959 1881 plerumque
1000 1794 1122 1862 silentio
1165 1797 1427 1866 transmittebant.

93 1910 146 1994 (33)
168 1907 270 1976 lectae
292 1907 406 1976 deindo
427 1927 486 1997 pro
510 1907 658 1976 contione
681 1907 830 1995 epistolae
852 1907 980 1976 Antonii
1007 1908 1047 1976 ad
1077 1910 1207 1978 Civilem
1234 1913 1429 1998 suspiciones

92 2022 218 2090 militum
242 2023 416 2100 imitavere,
438 2029 595 2108 tamquam
617 2024 658 2087 ad
680 2023 801 2088 socium
822 2021 961 2106 partium
979 2025 1124 2110 scriptae,
1142 2032 1174 2090 et
1188 2027 1227 2090 de
1243 2027 1428 2093 Germanico

92 2137 226 2206 caerulo
247 2135 414 2204 hostiliter.
457 2157 533 2202 mox
555 2120 665 2202 adla'tis
688 2135 861 2202 Geldubam
884 2137 917 2200 in
939 2145 1039 2202 castra
1061 2136 1178 2204 nuntiis
1207 2141 1318 2204 cadens
1347 2140 1430 2205 dieta

90 2250 238 2338 neuque,
261 2257 293 2316 et
314 2251 427 2316 missus
449 2269 520 2330 pum
542 2247 695 2315 mandatis
715 2254 882 2317 llontanua
897 2252 936 2315 ad
952 2248 1094 2328 Ciuilem,
1117 2259 1152 2326 ut
1165 2247 1330 2318 absisteret
1344 2249 1466 2320 bellora

90 2384 164 2432 nare
184 2371 317 2430 externa
337 2364 433 2430 armis
453 2361 541 2429 falsis
562 2361 701 2429 velaret:
726 2361 753 2428 si
775 2363 999 2449 Vespasianum
1020 2365 1129 2430 iuvare
1150 2363 1318 2448 adgressus
1332 2361 1427 2444 leret,

91 2476 278 2546 satisfactum
300 2478 432 2562 coeptis.
456 2477 496 2541 ad
518 2496 556 2541 ea
579 2474 685 2541 Civilia
705 2477 810 2560 primo
831 2474 962 2541 callida:
986 2485 1058 2562 post
1078 2473 1133 2542 nbi
1148 2477 1235 2544 videt
1246 2481 1430 2557 Montanum

89 2593 299 2677 praeferocem
320 2588 447 2676 ingenio
469 2596 674 2676 paratumque
696 2591 728 2654 in
750 2611 801 2654 raa
823 2609 933 2666 novas,
957 2609 1048 2656 orsus
1078 2611 1097 2656 a
1125 2599 1238 2676 questo
1266 2594 1433 2676 perieulis·

91 2725 147 2790 pue
171 2725 253 2793 quae
275 2725 332 2792 per
353 2705 492 2792 quinam
516 2711 547 2768 et
575 2701 687 2788 viginti
714 2722 814 2768 annos
834 2705 867 2766 in
897 2704 1006 2768 eastris
1033 2703 1182 2770 Romanis
1212 2704 1428 2785 exhausisset,

94 2818 289 2905 scpregiumn
314 2816 417 2902 inquit
441 2814 594 2903 apretiom
616 2813 763 2882 laborum
783 2817 903 2901 recepi,
927 2836 1037 2882 necem
1051 2814 1160 2883 tranis
1177 2825 1209 2882 at
1223 2817 1346 2884 uincula
1359 2838 1467 2886 meare

92 2939 123 2996 et
141 2931 337 3000 saevissimas
357 2927 452 2998 buius
474 2930 632 2996 exereitus
654 2948 756 3004 voces,
786 2927 900 3016 quibus
930 2930 971 2995 ad
997 2929 1184 3015 supplicium
1213 2933 1330 3017 petitos
1358 2935 1429 2999 iure

156 3145 184 3195 1.
203 3143 263 3208 obp.
282 3141 331 3195 bis
351 3155 413 3209 opp·
432 3141 463 3191 B.
486 3167 516 3179 -
537 3139 596 3191 oda.
614 3141 661 3194 111
681 3151 733 3190 css.
754 3139 786 3193 lt.
805 3161 838 3176 -
867 3136 1072 3190 1111111.-
1104 3137 1266 3192 desudetur
1283 3137 1355 3205 (sie,
1374 3155 1428 3196 non

91 3213 199 3278 actosa)
216 3216 264 3275 ll,
294 3215 392 3265 suimus
419 3210 508 3265 Guett.
527 3211 597 3276 spu.
629 3210 748 3263 Correxit
764 3209 919 3260 libenanua.
952 3232 981 3247 -
1015 3209 1042 3260 3.
1071 3209 1158 3262 tiabat
1179 3223 1263 3276 mque
1281 3214 1369 3264 cotum
1388 3215 1427 3266 ll.

90 3285 156 3338 dats
182 3285 330 3340 bekkarorn
356 3283 472 3336 edebant
499 3295 545 3334 aee
563 3296 589 3335 o.
619 3303 650 3318 -
682 3283 709 3333 1.
735 3279 846 3332 mtts'ttos
864 3280 911 3340 id,
941 3277 1136 3340 serenasset.
1158 3281 1288 3336 Wettber.
1308 3283 1430 3339 Correxit

90 3354 244 3409 unanaaua.
265 3379 296 3394 -
318 3356 346 3407 3.
366 3353 424 3417 eds.
443 3352 491 3406 111
511 3350 559 3418 off.
578 3352 609 3402 B.
639 3349 1086 3403 -11.οοη1.3111ωισ.11.-
1113 3363 1176 3416 epoe
1193 3363 1254 3404 euna
1271 3353 1318 3406 ltn.
1338 3355 1374 3408 bl.
1395 3381 1428 3394 -

90 3425 133 3476 11.
151 3426 283 3491 patdcboa
298 3425 338 3480 31.
356 3447 386 3464 -
404 3425 448 3475 15.
467 3422 593 3475 obsessae
609 3420 649 3474 11.
664 3461 665 3466 ,
680 3446 714 3459 -
746 3422 790 3472 tt.
810 3423 909 3484 eoeptte
926 3419 965 3473 11.
983 3442 1019 3459 -
1048 3420 1093 3473 31).
1109 3418 1195 3486 petora
1213 3422 1252 3476 11.
1277 3448 1311 3464 -
1340 3425 1430 3480 flabat

91 3493 209 3548 latonae
226 3495 262 3549 11.
284 3495 353 3560 Ante
371 3495 520 3548 llalakarum
540 3494 655 3548 edebant
670 3493 776 3546 labora.
799 3516 830 3531 -
849 3491 929 3556 sscipt
948 3491 986 3546 11.
1006 3490 1161 3547 correctum
1178 3494 1206 3546 ln
1223 3495 1286 3560 Agr.
1304 3494 1376 3562 Sptr.
1394 3523 1427 3556 -,

90 3567 132 3618 21.
151 3569 242 3620 notra
262 3565 301 3622 bl·

91 3754 106 3795 e
123 3755 287 3808 anomacus
315 3739 400 3796 terrea
426 3739 575 3803 pandebat,
601 3737 736 3790 insolam
777 3735 854 3790 detur
872 3735 1023 3790 eobortatus
1042 3748 1099 3790 ease
1118 3735 1206 3791 adteto
1224 3737 1287 3792 altas
1300 3739 1426 3807 legiones,

91 3822 224 3886 depresso,
243 3829 273 3874 ut
290 3834 369 3874 nares
381 3821 452 3884 apud
466 3821 580 3872 Ltatnrn.
600 3817 652 3870 Sed
664 3819 739 3882 rapta·
776 3824 806 3867 ut
831 3823 919 3879 partes
944 3817 1080 3869 Flavianas
1104 3819 1335 3880 amplecterentur.
1355 3821 1425 3874 Eas.

91 3903 120 3952 ta
136 3903 219 3954 altura
236 3901 333 3954 delude
357 3901 483 3952 dicuntur
501 3901 527 3949 to
554 3904 638 3948 eastra
665 3895 739 3962 alluat
778 3921 809 3934 -
827 3895 949 3958 aptatos
966 3894 1122 3961 Namnasa]
1141 3897 1247 3964 Tueris,
1274 3901 1307 3952 da
1328 3915 1382 3966 qua
1399 3904 1426 3966 a,

91 3994 165 4032 cmo
174 3981 299 4047 pondere,
319 3980 420 4034 scillcet
437 3981 608 4032 conseratone
622 3976 736 4041 quadam
776 3975 820 4028 35.
840 3976 972 4027 —aerbo
989 3975 1164 4041 acceperunt]
1190 3981 1262 4041 atta,
1289 3989 1319 4032 ut
1342 3987 1428 4044 praep.

93 4062 213 4124 poaderts
230 4069 258 4116 at
275 4062 416 4116 tollenonla
435 4057 738 4124 lpsinautoaanuster·
776 4055 872 4108 bantur
905 4056 1002 4116 rerba,
1037 4058 1266 4119 pronuntiarent.»
1309 4060 1426 4116 Verbum

93 4155 138 4196 rea
155 4150 236 4197 rastra
256 4155 347 4198 sersus
365 4147 544 4207 torqueretur,
564 4143 592 4190 et
609 4141 676 4201 raptt
695 4149 739 4188 au·
777 4139 913 4199 proprium
934 4138 961 4187 tn
989 4137 1045 4187 lure
1070 4137 1201 4198 intendat
1243 4139 1313 4191 unda
1338 4153 1427 4194 eones·

94 4235 141 4287 pra
157 4231 237 4278 eaatn
255 4223 404 4286 penderent
418 4228 504 4283 atqua
523 4223 549 4270 tn
569 4227 651 4271 eastra
665 4230 741 4282 prae·
773 4217 829 4278 pts'a
851 4214 937 4266 oerbts
962 4215 1062 4266 iurare.
1102 4215 1201 4268 lladern
1228 4215 1340 4270 termula
1367 4235 1427 4276 moa

96 4303 185 4365 etpttes
203 4301 648 4362 darentur,relmacbtnaetottua,
665 4310 739 4349 verso
777 4295 808 4347 c.
835 4293 878 4345 11.
908 4295 978 4348 Burs.
1012 4295 1057 4348 Sta
1080 4297 1114 4358 1,
1132 4296 1185 4348 dus
1221 4299 1356 4365 canopaea
1385 4303 1427 4352 tm

95 4387 151 4436 etna
169 4386 284 4439 eardtne.
304 4384 376 4436 Eas.
402 4381 527 4446 Vspettaa
544 4379 581 4441 3,
606 4379 659 4428 111
681 4377 740 4428 Tot·
775 4375 926 4426 dorcadum.

95 4463 152 4516 loeo
167 4467 272 4528 dtcttasr,
292 4463 394 4529 puottes
409 4475 465 4512 uno
481 4459 567 4512 trabea
585 4459 614 4509 ta
641 4461 741 4508 torem
812 4452 855 4506 dd.
876 4450 995 4517 memo]
1015 4453 1084 4504 Sunt
1101 4454 1224 4516 boatttta,
1250 4455 1353 4509 bosttlta
1370 4461 1426 4512 aal-

93 4545 209 4607 prauus
231 4546 368 4612 31111111,
396 4543 439 4593 cut
461 4541 491 4590 ias
518 4551 619 4590 summo
644 4539 740 4589 cottae
777 4533 968 4593 arcanarum
988 4531 1069 4597 (dnn.
1087 4533 1115 4593 d,
1135 4533 1179 4584 33.
1201 4535 1269 4586 11111.
1290 4539 1316 4596 1.
1334 4539 1378 4590 73.
1398 4537 1426 4598 3.

95 4623 151 4676 otta
167 4631 317 4680 transuerso
333 4621 421 4674 trebes
439 4619 543 4684 locutor
561 4619 741 4669 dtmsoscme-
777 4616 804 4666 5.
824 4617 852 4664 et
870 4615 936 4664 tntra
955 4611 985 4663 c.
1012 4613 1070 4676 71.)
1095 4612 1151 4666 aaa
1175 4617 1265 4677 specte
1290 4617 1351 4668 batlt
1379 4631 1426 4682 pre

96 4701 190 4755 ds'atota
205 4705 386 4758 conmmttor,
416 4712 445 4752 ec
469 4699 643 4760 libramento,
670 4701 700 4746 ut
718 4697 741 4746 at
777 4693 938 4756 Vespastano
956 4692 1064 4757 serendi
1083 4691 1205 4746 bostttern
1230 4695 1354 4749 adsersus
1374 4698 1427 4751 lto·

95 4795 173 4834 anan
199 4792 280 4850 eaput
306 4782 481 4848 ammam,
506 4778 580 4830 otiam
608 4778 740 4843 wotos.
778 4785 870 4826 manos
886 4775 1004 4825 autmurn
1023 4778 1111 4835 terere
1130 4778 1424 4832 carantanam.-

97 4860 149 4914 Cir·
171 4863 262 4918 Festus
279 4867 307 4915 ln
336 4861 444 4913 retum
470 4871 497 4922 p.
516 4857 577 4910 313.
596 4855 687 4910 blasti.
709 4880 737 4892 -
777 4849 873 4916 recem]
895 4852 965 4904 Ante
991 4853 1118 4916 ltycltuua
1144 4853 1258 4906 edebant
1281 4855 1426 4912 Putaetaae

99 4941 269 5012 serapeum]
293 4943 406 5007 Ruperti
434 4938 589 4991 dubttantar
615 4938 739 5001 propoutt
779 4939 888 4986 auctora
907 4933 974 4996 cept.
993 4933 1129 4986 Brueattua
1158 4939 1235 4996 putat
1258 4947 1314 4988 erae
1342 4942 1428 4995 imita.

99 5025 273 5090 muamndt,
293 5035 363 5088 qnae
381 5026 452 5074 reeta
465 5022 506 5073 est
517 5018 666 5082 espttcatto,
679 5029 742 5070 eon·
780 5017 878 5065 ttonem
895 5012 966 5076 Vtra.
985 5013 1054 5066 den.
1071 5012 1104 5072 3,
1123 5010 1176 5064 331
1202 5015 1344 5080 Bprars‘oos
1365 5034 1428 5075 osso

101 5105 193 5158 lactura
210 5118 273 5158 raro
290 5101 433 5156 admodum
453 5096 642 5163 improbabttta.
780 5093 883 5144 umere
900 5097 925 5144 et
942 5091 1028 5154 apollo
1046 5092 1137 5154 canpto
1153 5090 1275 5156 retertta,
1296 5100 1358 5151 subt
1378 5104 1428 5154 att.

133 5182 174 5238 31.
192 5181 331 5250 coaonae]
349 5181 376 5236 le
394 5185 464 5234 enlm
480 5187 544 5232 tunc
568 5175 667 5230 consul.
699 5175 743 5230 tt·
780 5185 851 5237 amm
869 5173 966 5236 lnoutt,
986 5170 1150 5226 «consuebat
1165 5171 1304 5236 tottam·
1322 5181 1428 5236 etam
