3574 5878
562 435 759 504 nunoous
793 438 866 523 cap.
888 437 940 504 ss.
964 439 1017 504 so.
1396 441 1461 507 teo

123 597 191 664 simi
206 603 374 684 praerepta
386 599 549 664 rhetorum
566 606 619 665 aui
632 596 893 685 pbilosophorum
907 598 1021 682 piacita
1036 605 1259 684 cognoverant.
1284 607 1316 664 at
1327 600 1459 668 hercule

121 710 311 798 pervulgatis
342 711 405 776 iam
437 708 597 784 omnibus,
634 732 705 776 oum
736 711 790 776 vix
816 712 848 776 in
881 715 1002 777 cortina
1034 713 1199 800 quisquam
1230 715 1352 778 assistat
1384 715 1459 798 quin

120 823 281 890 elementis
303 825 493 900 studiorum,
517 823 575 892 etsi
598 843 660 888 non
682 825 871 901 instructus,
901 834 934 890 at
955 831 1040 890 cerie
1063 824 1200 893 imbutus
1222 829 1281 902 sit,
1315 825 1406 892 novis
1428 833 1460 892 ei

119 935 281 1024 exquisitis
312 935 510 1023 eloquentiae
543 934 712 1002 itineribus
746 957 825 1024 opus
859 945 924 1015 esi,
960 957 1019 1023 por
1052 958 1133 1024 quae
1164 947 1272 1004 orator
1300 937 1458 1005 fastidium

118 1049 243 1116 aurium
266 1047 413 1137 effugiat,
448 1049 557 1136 utique
585 1053 667 1135 apud
695 1071 749 1116 eos
777 1051 897 1116 iudices
919 1053 973 1138 qui
996 1056 1027 1117 vi
1050 1061 1081 1118 et
1101 1059 1268 1137 potestate,
1305 1071 1369 1117 non
1389 1051 1481 1116 iures

118 1172 149 1228 et
170 1161 294 1247 legibus
316 1173 524 1248 cognoscunt,
557 1173 584 1228 et
611 1183 669 1228 neo
697 1161 853 1248 accipiunt
881 1172 1037 1249 tempora,
1074 1167 1130 1230 sed
1158 1168 1368 1241 constituunt,
1403 1184 1460 1229 neo

118 1275 363 1362 exspectandum
397 1278 516 1342 habent
545 1279 807 1344 oratoremmum
835 1275 880 1342 iiii
908 1275 1004 1343 libeat
1035 1280 1074 1343 de
1096 1279 1165 1363 ipso
1188 1281 1317 1363 negotio
1339 1277 1458 1354 dicere,

116 1387 171 1455 sed
186 1408 280 1474 saepe
295 1388 379 1454 uitro
393 1389 564 1456 admonent
585 1399 679 1478 utque
700 1393 762 1458 aiio
785 1389 1065 1475 transgredientem
1087 1399 1239 1456 revocant
1262 1399 1295 1456 et
1308 1389 1459 1456 festinare

118 1525 151 1567 se
173 1509 338 1568 testantur.
383 1501 447 1588 (ιθ)
482 1503 552 1588 quis
584 1525 668 1570 nuno
696 1503 777 1569 feret
806 1512 964 1569 oratorem
996 1502 1035 1569 de
1064 1503 1245 1570 infirmitate
1278 1502 1459 1570 valitudinis

118 1635 194 1680 suae
225 1614 445 1699 praesentem?
478 1614 579 1702 qualis
609 1626 682 1682 sunt
708 1615 777 1682 iere
805 1616 960 1703 principia
991 1618 1127 1684 Corvini.
1164 1620 1233 1703 quis
1266 1619 1405 1704 quinque
1426 1617 1459 1681 in
1470 1639 1497 1687 tc

116 1729 248 1794 Verrem
269 1726 367 1795 libros
390 1732 607 1814 exspectabit?
630 1734 700 1817 quis
722 1731 761 1794 de
784 1731 970 1816 exceptione
991 1739 1023 1795 et
1043 1728 1180 1796 formula
1194 1733 1390 1817 perpetietur
1406 1728 1460 1795 iiia

114 1841 270 1908 immensa
290 1839 450 1908 volumina
477 1862 559 1927 quae
586 1863 645 1929 pro
667 1847 710 1910 M.
734 1842 838 1909 Tullio
867 1851 898 1908 et
919 1843 998 1909 Auio
1021 1843 1155 1908 Caecina
1179 1843 1337 1928 tegimus?
1370 1861 1461 1929 prae·

185 1987 212 2037 2.
233 1999 333 2037 corone
352 1999 411 2037 eum
429 1989 525 2040 Ursino
545 1995 571 2038 et
587 1989 694 2040 Mureto
712 1987 849 2040 Duebner.
872 2010 902 2022 -
922 1981 1061 2053 puin1qui
1080 1987 1110 2037 Ρ.
1137 1988 1258 2038 Correxit
1276 1989 1458 2038 chmsnnus.

115 2081 146 2094 ·-
167 2056 195 2107 d.
217 2057 355 2122 peroribus
374 2071 507 2119 superser.
526 2061 559 2110 iti
577 2067 603 2110 et
621 2059 677 2122 spii.
697 2073 727 2122 ps
747 2062 852 2120 punctis
870 2057 1010 2108 subnotsts
1029 2059 1059 2108 Ρ.
1087 2082 1119 2096 ·-
1146 2059 1172 2110 o.
1193 2065 1242 2109 ossi
1260 2058 1358 2122 lapibus
1378 2059 1406 2108 P.
1428 2079 1461 2095 -

114 2135 139 2178 st
157 2135 220 2178 sote
239 2141 287 2178 mec
307 2129 381 2181 deest
398 2128 460 2179 PF.
481 2153 509 2167 -
539 2129 566 2179 7.
585 2123 735 2192 respectis?
752 2129 783 2178 Ρ.
814 2155 841 2166 -
872 2127 898 2176 ti.
919 2129 1073 2179 valitudinis
1092 2129 1166 2179 rii:
1194 2129 1354 2180 ootstudim's
1375 2129 1404 2178 B.
1428 2151 1459 2166 -

115 2199 158 2250 it.
178 2193 238 2262 itio]
259 2199 338 2250 «rust
356 2199 464 2252 iortssse
482 2201 565 2252 isto.»
585 2199 730 2263 Boeeisiup.
751 2224 782 2236 -
802 2200 844 2250 ib.
865 2205 889 2249 et
907 2199 975 2250 Assio
992 2199 1034 2249 Pr
1054 2205 1100 2250 sat
1117 2200 1187 2251 Assio
1204 2200 1272 2251 itti.

113 2327 185 2365 sono
204 2315 367 2368 demonstrat
394 2320 451 2380 ipsc
479 2317 617 2369 verbosum
637 2317 703 2368 ordo
721 2318 769 2366 ote
807 2317 889 2367 timet.
910 2317 989 2368 ii.-
1009 2313 1180 2380 exspectabit]
1200 2317 1283 2380 «Quis
1302 2330 1374 2369 nunc
1394 2316 1460 2368 toir-

113 2395 142 2444 ic
160 2397 283 2457 cortina,
314 2397 340 2446 id
363 2406 420 2456 est.
442 2398 500 2450 «rei
519 2398 639 2450 borsines
659 2398 694 2447 iiii
716 2397 772 2446 soi·
808 2398 876 2447 rsbtt
902 2402 931 2449 et
956 2397 988 2447 sd
1013 2399 1092 2449 tinem
1114 2411 1200 2460 usque
1219 2399 1312 2450 audiet
1328 2397 1461 2450 eiusmodi

113 2488 206 2537 peres.
227 2479 273 2540 qui
291 2479 319 2527 tu
338 2491 369 2531 ss
385 2485 527 2538 assistunt,
559 2481 610 2528 ism
630 2479 768 2529 elementis
808 2480 954 2536 orationes,
975 2479 1067 2541 qusies
1085 2486 1148 2529 sunt
1161 2483 1280 2544 quinque
1298 2479 1358 2530 titos
1372 2479 1462 2528 Actio·

112 2556 207 2606 saitem
236 2558 385 2608 studiorum
414 2559 506 2608 imbuti
534 2564 625 2610 sunt.»
663 2558 768 2608 corona
808 2559 847 2608 nis
872 2557 1006 2610 secundus
1033 2560 1060 2608 in
1080 2557 1209 2620 Verrem,
1240 2573 1305 2623 quss
1330 2562 1462 2620 patienter

114 2643 206 2688 contre
226 2637 384 2702 signiticaret
402 2639 597 2690 causidicorum
617 2639 716 2689 smicos
730 2644 769 2686 st·
807 2640 847 2688 vix
867 2638 1016 2700 tegimusis
1036 2663 1068 2675 -
1101 2639 1133 2689 ds
1152 2635 1312 2702 receptione]
1332 2639 1460 2701 Uipisnns

113 2729 166 2781 que
195 2723 354 2778 sectatores,
386 2723 431 2782 qut
460 2731 523 2769 stne
552 2719 702 2769 eruditione
728 2719 769 2766 iss·
807 2716 866 2780 big.
886 2717 1032 2778 ts‚1,2s
1051 2717 1225 2782 Exceptio
1243 2719 1316 2769 dicta
1334 2719 1463 2781 sstqoost

110 2799 230 2859 structi,
259 2812 311 2849 noo
336 2800 420 2850 sotum
445 2799 648 2858 imbrumari,
680 2808 768 2860 neone
807 2795 938 2859 quosdam
964 2797 1095 2857 seclusio,
1134 2810 1201 2862 pisos
1229 2799 1329 2861 opponi
1360 2799 1462 2849 octiosi

112 2878 145 2929 de
166 2879 208 2929 bis
227 2887 287 2941 apta
307 2879 374 2932 toret
394 2884 460 2943 part.
480 2881 536 2928 oio.
557 2903 589 2915 -
607 2877 768 2943 etopuemios
807 2877 932 2938 caiusque
955 2879 993 2926 ret
1020 2877 1100 2934 sotei,
1132 2878 1169 2927 sd
1195 2877 1384 2928 occludendum
1412 2879 1459 2940 id,

111 2955 263 3022 ttimemdas]
282 2959 352 3011 titre
365 2959 520 3022 Peeriissmp
535 2961 675 3021 proposuit
693 2951 768 3008 iens·
807 2956 875 3019 puod
892 2957 922 3005 iss
939 2955 1107 3006 interitionem
1127 2957 1405 3008 condemnationemos
1417 2958 1459 3008 de·

110 3037 197 3089 sibus.
218 3037 644 3100 ctr.cic.oeor.s‚5·i‚s³s:
674 3038 768 3088 itinere
807 3035 974 3085 duetumsst.
1004 3035 1085 3086 Ersm
1104 3039 1273 3098 exceptiones
1292 3045 1337 3088 sut
1357 3051 1460 3100 perem-

112 3119 315 3180 disputationis.
345 3119 377 3171 de
396 3120 474 3183 Lepg.
501 3121 531 3178 ι,
554 3116 605 3175 1³.
631 3117 684 3167 ³7:
715 3119 768 3167 itm·
807 3116 925 3176 pieriae,
946 3127 1015 3178 quse
1035 3115 1107 3167 iitem
1126 3117 1271 3177 finiebant,
1300 3123 1347 3169 sut
1366 3119 1459 3167 ditato·

110 3199 193 3247 tutus
209 3199 345 3250 sermonis.
366 3223 400 3233 -
430 3195 533 3261 simeo]
558 3198 628 3249 Pstt·
648 3204 688 3257 ct,
718 3199 766 3247 etsi
806 3199 881 3254 riso,
901 3207 970 3258 quse
989 3208 1046 3248 eam
1067 3201 1166 3246 tentum
1187 3195 1354 3248 discretam.
1388 3199 1460 3248 licus

111 3281 212 3328 omissa
230 3278 327 3337 sPF.
348 3285 435 3329 tamen
455 3279 516 3328 ideo
535 3278 674 3328 retinends
695 3277 767 3327 side·
806 3281 894 3325 antem
915 3279 1004 3326 contra
1019 3278 1149 3327 actionem
1171 3280 1205 3328 its
1219 3290 1246 3328 te
1261 3279 1328 3328 tueri
1344 3283 1459 3341 poteret,

110 3364 178 3419 tur,
208 3358 281 3420 quod
302 3365 384 3409 totum
404 3358 549 3410 membrum
568 3369 615 3408 mec
632 3358 767 3418 occipiunt
806 3363 835 3406 ut
861 3362 907 3406 sut
934 3355 1031 3406 iactum
1060 3363 1184 3422 negaret.
1213 3362 1260 3409 sut
1278 3363 1334 3409 iure
1362 3357 1459 3409 iseum

109 3463 121 3474 ·
143 3451 199 3488 -se
218 3443 348 3490 testantur
374 3439 510 3501 coniungit
538 3449 599 3488 oum
625 3436 765 3488 antecedd.
807 3449 864 3486 esse
884 3435 1078 3492 contenderet.
1097 3444 1143 3488 aut
1159 3438 1460 3500 notumsiiquidsties·

109 3525 196 3581 stoue
208 3513 371 3569 ἀσύνδετον
383 3517 525 3569 admodum
540 3520 668 3581 ioprstum
688 3517 766 3578 toret,
806 3523 860 3574 sci,
890 3529 942 3578 quo
967 3519 1097 3574 actionem
1123 3518 1255 3579 elideret,
1291 3531 1359 3580 ouse
1392 3523 1459 3570 rstio

110 3611 175 3648 cum
195 3598 239 3648 bio
256 3597 334 3648 iurati
348 3598 448 3660 sitquid
462 3597 571 3649 haberet
584 3602 671 3660 potius
687 3609 766 3659 ouem
806 3597 911 3658 proprie
931 3598 1048 3658 exceptio
1067 3597 1259 3659 sppeiiebatur.
1289 3597 1413 3648 Formulo
1434 3603 1460 3650 in

110 3679 239 3729 rhetorici
259 3686 285 3728 at
302 3679 421 3729 consutio
441 3681 563 3740 quaesiti.
594 3679 764 3729 tiandTurs.
806 3690 833 3726 re
853 3675 949 3726 iorensi
971 3681 1012 3727 est
1031 3676 1141 3737 modus,
1170 3689 1281 3736 norms.
1312 3681 1379 3728 rstto
1404 3680 1460 3744 ispe

109 3759 150 3808 ii.
171 3771 198 3819 p.
216 3758 278 3808 5³5.
315 3764 449 3821 comperet
474 3757 556 3818 soph.
586 3758 653 3809 Pirii.
679 3757 765 3808 sosia
806 3759 985 3818 praescripto,
1014 3757 1067 3807 sire
1089 3760 1114 3807 in
1141 3758 1228 3808 verbis
1248 3758 1303 3808 sire
1332 3761 1358 3809 io
1386 3759 1461 3809 isctis

109 3831 205 3889 κοῦτε
218 3835 391 3904 σύμβουλον
402 3837 479 3902 depes
490 3834 557 3889 Ἐάν
571 3853 601 3889 ss
614 3855 641 3888 κ.
655 3853 681 3890 τ.
696 3837 720 3887 t.
733 3859 768 3874 -
805 3837 952 3894 serundo,
973 3841 1002 3886 tsi
1014 3839 1080 3887 ritus
1102 3844 1128 3887 et
1142 3842 1209 3888 rstio
1228 3844 1460 3898 testamentorum,

110 3912 267 3980 occipiunt]
303 3931 396 3969 «sures
422 3931 475 3968 non
503 3918 648 3980 praebent.
681 3916 767 3968 donee
806 3923 875 3965 certe
895 3921 1070 3978 etconeepts
1090 3916 1170 3968 serbe
1189 3918 1395 3978 iunctioribus,
1416 3921 1463 3970 sii·

109 3997 256 4048 causidicis
284 4009 406 4058 perorsre
425 3998 533 4048 iibens.»
563 4023 594 4038 -
626 3993 764 4060 festinare]
806 3994 1002 4058 putationibus,
1030 3995 1135 4046 tudiciis
1163 4003 1213 4047 cet.
1252 3998 1392 4048 Bonosus.
1430 3998 1460 4049 in

110 4076 255 4142 Quinti,
273 4077 306 4136 5,
326 4079 378 4128 so:
406 4078 524 4128 Festinat
543 4079 612 4126 enim
630 4077 712 4127 iudeo
730 4075 766 4125 od
804 4073 909 4126 iudiciis
929 4088 1008 4135 tero,
1028 4081 1057 4127 ut
1076 4082 1212 4127 souotssii
1232 4077 1376 4136 iietsteiu.
1404 4091 1461 4130 sse·

109 4157 157 4210 td.
178 4156 250 4220 quod
266 4158 473 4221 potentissimum
491 4161 545 4218 est,
569 4163 593 4207 st
610 4157 683 4207 oeitst
703 4155 766 4206 obit·
805 4159 911 4217 ptsstme
931 4155 963 4207 de
983 4169 1014 4208 eo
1034 4158 1179 4220 epehusm,
1206 4165 1293 4209 utrum
1314 4158 1461 4209 reots'ior·

110 4242 206 4302 potum
225 4237 357 4298 promisso
373 4242 536 4299 patronum,
563 4239 586 4286 st
611 4241 647 4286 ost
664 4239 766 4298 pots'm·
805 4237 875 4286 muta
901 4237 983 4288 eteris
1011 4240 1045 4287 sit
1069 4237 1102 4287 ab
1121 4243 1209 4290 actore
1229 4251 1335 4297 neone.
1364 4246 1405 4297 et,
1438 4240 1459 4287 si

111 4318 184 4370 tior.
205 4317 302 4365 iocitm
321 4315 455 4377 appetem,-
474 4315 767 4378 stosioccupotasoci
805 4317 914 4378 quidem
941 4323 1032 4375 rems,
1064 4330 1096 4367 sn
1116 4317 1149 4366 sd
1168 4331 1247 4377 rem,
1277 4333 1328 4381 qus
1349 4320 1381 4368 de
1401 4331 1462 4380 sse·

110 4399 142 4446 iss
161 4397 254 4460 atiquo
271 4400 417 4457 potestate.
449 4395 489 4446 oei
512 4395 767 4446 stiomsimoritms
804 4398 897 4456 batur.
918 4405 978 4456 spte
998 4403 1152 4457 concepte.»
1173 4397 1207 4447 u.
1231 4423 1258 4434 -
1279 4398 1381 4461 proiit.
1399 4397 1462 4447 Tui·

111 4477 317 4537 incompositus,
330 4491 387 4524 eom
399 4475 665 4542 conviciosssiopitsst.
681 4475 763 4526 lires.
803 4473 851 4540 iio]
872 4476 941 4536 spud
961 4484 1182 4538 acupenserem
1203 4477 1330 4528 iudicium
1351 4485 1460 4528 suiems

148 4557 192 4604 ιι).
220 4555 354 4618 principis
380 4551 504 4617 Constet]
535 4556 618 4606 Aliter
642 4555 767 4607 iudicssit
805 4555 969 4617 strirss'
1007 4553 1183 4606 PECVNME
1217 4557 1331 4607 imm
1367 4556 1461 4608 DOLO

112 4637 208 4701 Quint.
231 4634 263 4692 d,
286 4637 317 4693 i.
340 4635 371 4685 iit
404 4633 537 4698 quaedam
561 4637 590 4684 tm
608 4636 647 4686 bis
665 4648 767 4698 puopus
802 4634 902 4686 sisto
930 4633 1159 4699 semisismo.
1187 4635 1269 4686 Fsist
1295 4635 1330 4688 Vi
1354 4637 1461 4687 HOMI-

113 4715 308 4766 eommestdotio
321 4717 420 4772 tacito,
441 4717 464 4766 si
475 4725 523 4764 mos
543 4715 661 4779 infirmos
679 4721 702 4766 st
720 4717 767 4764 im·
802 4713 906 4765 mitiss
923 4715 1022 4765 sitm
1029 4715 1082 4765 TIS
1100 4715 1291 4767 cessensis
1306 4716 1464 4768 DAiiiNle

111 4809 191 4862 pares
209 4797 343 4862 speretium
367 4801 461 4844 contro
480 4797 592 4856 inperitis
610 4796 764 4853 dixerimus,
805 4793 934 4845 nstris
958 4793 1043 4845 ussit
1068 4795 1107 4844 Μ.
1139 4793 1277 4845 TVLLIO.
1310 4796 1366 4846 Cic.
1387 4795 1459 4860 Opti.

113 4876 207 4940 quatio
234 4881 296 4924 sunt
320 4875 443 4938 pieropue
466 4873 595 4925 Messoioc
617 4877 765 4938 prooemio.
805 4875 854 4924 so.
876 4887 961 4925 mese.
983 4873 1017 4926 ti.
1038 4875 1058 4923 Ι.
1081 4888 1107 4938 p.
1128 4875 1188 4925 ass.
1219 4899 1252 4911 -
1279 4875 1311 4924 Δ.
1336 4874 1459 4941 Csecioo]

113 4957 162 5007 Est
189 4955 258 5006 mim
282 4954 418 5005 maturatis
445 4951 522 5014 iocor
544 4967 595 5016 pro
621 4955 768 5005 isboronti·
805 4955 900 5005 Orator
927 4953 977 5014 sti.
1001 4951 1070 5005 102:
1112 4955 1180 5004 Toto
1206 4955 1271 5004 mibi
1299 4969 1383 5006 causo
1409 4971 1459 5019 pro

114 5037 181 5095 bus,-
202 5039 227 5083 st
245 5033 325 5086 issdsc
341 5034 478 5099 rsiipiosus
493 5033 664 5084 iidsntissims
676 5041 768 5097 potro-
806 5033 917 5084 Caecina
935 5033 966 5084 ds
984 5034 1068 5084 verbis
1085 5035 1221 5084 interdicit
1245 5032 1288 5098 (de
1308 5040 1350 5096 ri,
1377 5037 1460 5088 bomi-

114 5129 179 5166 msm
205 5115 302 5177 sudis,
333 5127 407 5178 quem
430 5115 548 5165 iustitias
572 5125 638 5164 sssss
660 5117 768 5167 minime
805 5113 882 5166 nibus
901 5110 1017 5178 armatis)
1035 5111 1103 5176 iotis
1122 5127 1164 5166 rss
1183 5113 1320 5168 insolutas
1336 5116 1460 5184 deprim-
