3574 5878
340 471 403 536 tte
837 463 1026 530 CORNELII
1047 463 1179 531 Tium

341 630 483 696 eominus
497 625 614 693 latetur
625 626 732 712 plnres
746 624 862 690 lormos
878 623 1000 690 dicendi
1015 627 1108 690 etiam
1121 623 1236 689 iisdem
1251 622 1385 698 seculis.
1408 619 1522 690 nedum
1538 620 1670 688 dirersis

341 741 507 808 exstitisse.
544 744 599 806 sed
629 741 787 824 quomodo
817 737 899 804 inter
926 738 1044 804 Atticos
1070 741 1213 803 oratores
1239 738 1359 823 primae
1379 737 1585 802 Demostheni
1617 737 1671 800 tri·

339 854 495 930 buuntur,
529 850 707 939 proximum
736 860 839 916 autem
872 853 976 919 loonm
1003 850 1172 918 Aeschines
1201 859 1234 916 ot
1254 853 1427 939 llyperides
1454 859 1486 916 et
1507 849 1615 935 Lysias
1640 857 1671 914 ot

339 971 501 1056 Lycurgus
516 963 675 1044 obtinent,
700 963 839 1029 omnium
860 971 963 1029 autem
979 983 1128 1030 oonaessu
1149 967 1226 1030 baeo
1241 973 1403 1030 oratorum
1424 971 1511 1030 aetas
1535 965 1670 1028 maxime

316 1062 508 1168 spritbatur,
526 1081 571 1144 sic
585 1081 669 1161 sputl
683 1097 740 1142 nos
756 1075 867 1142 Cicero
882 1075 1009 1162 quidem
1024 1086 1145 1142 eeteros
1160 1081 1334 1144 eorundem
1347 1085 1524 1164 temporum
1539 1074 1670 1142 disertas

337 1191 518 1267 antecessit,
555 1191 668 1256 Celsus
701 1197 805 1255 autom
832 1198 865 1255 et
884 1192 1009 1256 Asinius
1035 1198 1067 1255 et
1089 1191 1202 1257 Caesar
1225 1201 1257 1256 et
1278 1191 1403 1256 Caelius
1424 1200 1455 1256 et
1474 1193 1591 1256 Brutus
1613 1210 1669 1256 sno

337 1309 406 1372 inre
427 1315 459 1371 et
479 1303 640 1389 prioribus
661 1311 692 1369 et
714 1306 915 1388 sequentibus
935 1312 1178 1389 anteponuntur.
1216 1325 1275 1369 neo
1302 1302 1400 1370 refert
1426 1305 1513 1400 quopl
1533 1305 1617 1376 inter
1636 1323 1669 1367 ss

336 1419 441 1504 speeie
463 1417 627 1494 dilieraot,
650 1437 720 1483 cum
743 1435 860 1499 genere
882 1417 1087 1482 consentiant.
1123 1417 1303 1483 adstrictior
1315 1417 1447 1494 Calvus,
1470 1418 1670 1483 numerosior

336 1534 478 1610 Asinius,
502 1528 695 1615 splendidior
716 1530 845 1605 Caesar,
867 1529 1006 1596 amarior
1028 1530 1170 1608 Caelius,
1193 1531 1320 1614 gravior
1340 1536 1473 1608 Brutus,
1503 1529 1670 1597 vehemen-

300 1649 398 1715 setior
430 1653 462 1710 et
491 1644 613 1731 plenior
647 1651 678 1708 et
708 1641 863 1708 valentior
894 1641 1026 1709 Cioero:
1065 1663 1175 1709 omnes
1208 1653 1313 1709 tannen
1340 1646 1472 1710 eandem
1505 1644 1669 1710 sanitatem

336 1757 534 1846 eloquentiae
566 1755 686 1832 lerunt,
720 1763 757 1821 ut
786 1753 813 1820 si
846 1757 986 1821 omnium
1014 1757 1135 1843 pariter
1155 1754 1253 1823 libros
1275 1760 1309 1822 in
1329 1779 1459 1824 menum
1478 1759 1667 1844 sumpseris.

334 1873 431 1950 scias,
466 1871 608 1958 quamvis
635 1871 668 1934 in
698 1866 830 1934 diversis
858 1867 1011 1953 ingeniis,
1046 1889 1114 1935 esse
1135 1869 1291 1954 quandam
1313 1871 1421 1938 iudicii
1442 1892 1480 1936 ua
1501 1871 1668 1938 volontatis

333 1983 569 2054 similitudinem
591 1991 623 2049 et
644 1983 872 2068 cognationem.
904 2001 977 2048 nam
999 1985 1084 2067 quod
1105 1985 1241 2049 invicem
1262 2005 1297 2050 se
1318 1982 1590 2062 obtrectaverunt,
1628 1985 1670 2068 let

402 2174 428 2224 l·
447 2171 471 2220 si
487 2171 603 2222 reminas
623 2165 669 2232 syl.
690 2179 719 2216 eo
736 2163 937 2230 supertenpaa
955 2163 986 2214 P.
1015 2161 1049 2228 (si
1066 2167 1169 2228 quidem
1196 2180 1282 2218 ornnes
1306 2164 1424 2228 fatentur
1447 2168 1585 2228 Eolreteio,
1616 2167 1668 2229 ipsi

333 2243 494 2308 quinimmo
512 2238 627 2302 latemur
647 2237 780 2288 uuebner.
802 2237 945 2296 esosptear
962 2247 1021 2286 euro
1043 2235 1158 2288 lluette:
1178 2241 1318 2302 quominus
1329 2239 1471 2302 fateamur.
1493 2239 1546 2288 Aut
1558 2239 1667 2300 potiare

332 2315 470 2380 meminus
487 2313 624 2376 [aleator.
643 2321 721 2358 sensu
741 2311 872 2371 passivo.»
892 2306 1035 2358 boenerii..
1053 2331 1087 2344 -
1105 2307 1132 2358 ³.
1151 2308 1291 2372 opperirier
1308 2309 1339 2360 Ρ.
1360 2334 1389 2347 -
1408 2311 1435 2361 t.
1455 2311 1575 2375 iiparpas
1591 2308 1621 2358 Ρ.
1636 2335 1667 2346 -

332 2387 451 2447 optinent
463 2382 493 2431 P.
514 2403 544 2418 -
564 2392 685 2430 eaneesru
702 2378 772 2429 Pr:
793 2391 916 2428 consentu
934 2390 995 2426 eum
1013 2377 1206 2428 eett.1il).-
1223 2380 1248 2429 5.
1268 2381 1336 2430 sieut
1352 2381 1424 2444 opud
1443 2379 1503 2442 (litt.
1521 2386 1552 2429 ut
1564 2385 1667 2443 punttis

267 2507 269 2511 ,
332 2449 499 2512 subnotatae)
518 2451 556 2509 Ρ,
588 2451 656 2500 sicot
673 2449 745 2510 apud
763 2450 799 2510 Ρ,
825 2450 849 2497 sl
866 2453 890 2496 et
907 2449 979 2510 aputt
996 2446 1173 2500 Doederietolt
1192 2453 1317 2511 suspteto.
1336 2473 1370 2486 -
1391 2452 1418 2502 o.
1439 2451 1541 2503 Brutus
1556 2451 1580 2498 si
1597 2463 1666 2504 sere.

331 2539 357 2574 ι.
377 2537 439 2576 aere
463 2523 495 2572 sb
514 2522 548 2572 el.
568 2535 603 2572 m.
623 2532 755 2582 superior.
786 2522 843 2568 iare
861 2519 890 2568 Ρ.
922 2519 1041 2572 correxit
1060 2519 1172 2580 Lipsius.
1200 2544 1229 2557 -
1261 2520 1288 2570 8.
1308 2523 1482 2572 consentient.
1503 2522 1668 2574 otetrirtior

331 2594 396 2645 PF.
418 2593 537 2646 Correxit
553 2590 698 2643 sotiatus.
733 2615 762 2628 -
794 2591 838 2638 10.
857 2589 1026 2639 eooetitotem
1045 2587 1107 2638 ΡΡ.
1139 2589 1426 2643 Cerrerltllbenenue·
1458 2619 1486 2630 -
1517 2593 1561 2644 tu.
1581 2590 1668 2642 liebet

331 2668 398 2717 seins
415 2665 450 2722 Ρ,
470 2677 523 2714 noo
542 2665 625 2712 eriam
644 2663 673 2711 Ρ.
694 2684 726 2696 -
756 2659 843 2710 llebet
860 2660 1006 2710 uoluntatis
1024 2660 1059 2720 Ρ,
1087 2672 1138 2710 non
1158 2661 1298 2710 uoluminis
1318 2662 1384 2714 udi.
1406 2670 1465 2716 ente
1485 2663 1615 2728 Llpelum.
1633 2686 1666 2698 -

332 2737 375 2788 1³.
395 2737 581 2799 capitationem
599 2732 629 2782 Ρ.
651 2731 806 2782 limeutlerlt
825 2731 977 2782 beroaldus.
998 2754 1029 2767 -
1049 2735 1267 2794 optreotaueruut
1285 2729 1314 2780 Ρ.

332 2905 387 2962 ιιι,
408 2904 437 2951 ut
453 2899 615 2964 appetiere.»
632 2896 722 2950 Dora.
742 2921 776 2930 -
798 2895 821 2946 el
839 2919 850 2932 ·
870 2892 979 2956 [otetur]
1017 2895 1125 2958 spiritus
1141 2898 1276 2960 ῃιιιιιιιι,
1293 2894 1492 2959 oolto'lerelrot.
1512 2921 1547 2935 -·
1568 2897 1666 2948 eolus.

331 2983 361 3034 C.
385 2980 427 3031 tt.
465 2979 537 3030 inter
564 2981 632 3027 roni.
662 2977 749 3028 subur
773 2979 919 3038 propositas
947 2987 979 3026 ne
1017 2974 1091 3039 totis]
1118 2976 1253 3036 «consilii,
1284 2977 1356 3042 quod
1376 2980 1403 3027 ιη
1421 2977 1561 3030 ,cumpo
1579 2979 1665 3030 mun

330 3075 383 3112 una
412 3061 521 3123 quidem
549 3057 692 3121 probebtlls
719 3062 778 3113 este
820 3068 870 3107 nee
902 3055 978 3106 leolis
1016 3057 1143 3114 suot.lts
1160 3063 1188 3107 ut
1201 3071 1292 3108 ornnes
1305 3061 1332 3108 ln
1347 3057 1665 3124 ea.ronseotlrent,ouid

331 3143 473 3204 quisquam
501 3140 656 3200 eequleseet
680 3140 706 3187 tn
725 3135 823 3186 iisnutt
843 3136 920 3185 Ture.
940 3134 977 3184 ll.
1016 3143 1118 3186 rectum
1145 3137 1335 3199 sepulchrum
1355 3146 1444 3198 esset.
1475 3137 1663 3202 (marebais).-

331 3220 416 3284 put
437 3220 653 3280 interpretatione
672 3217 815 3266 comminue
832 3215 859 3266 le.
874 3215 892 3266 l.
910 3217 979 3276 poel-
1016 3214 1176 3269 booendret
1203 3231 1254 3268 uae
1281 3218 1397 3270 oertoine
1419 3217 1531 3281 peremi
1552 3219 1619 3269 eam
1636 3217 1665 3267 tn

331 3309 387 3352 tum
406 3313 463 3354 esre
478 3312 525 3363 pro
543 3299 667 3358 estotim,
685 3296 791 3354 illisu.»
809 3307 863 3356 oue
881 3295 980 3360 signil-
1013 3294 1106 3358 pensis
1124 3302 1149 3345 at
1167 3296 1338 3348 tenerioris.
1358 3323 1387 3336 -
1407 3305 1433 3348 et
1449 3298 1666 3362 sant..m,92·.

331 3383 435 3434 eetlone
462 3381 489 3430 to
515 3393 538 3430 ι.
567 3380 594 3428 ιι
613 3374 745 3438 Cisalpine
764 3375 848 3428 Gellia
874 3380 900 3426 to
928 3387 978 3426 usu
1015 3373 1069 3440 tur]
1089 3377 1162 3428 llere
1181 3379 1207 3426 ln
1228 3380 1376 3440 potentiosi
1396 3377 1481 3441 p'osltr
1498 3391 1666 3442 requerere

331 3463 517 3515 luissensrret
536 3455 785 3517 serumserum.
806 3453 855 3506 Ge.
874 3453 976 3514 neat.
1016 3471 1046 3508 er
1065 3464 1132 3518 pert.
1161 3458 1232 3522 quart
1257 3465 1317 3520 epte
1345 3463 1502 3512 asserem
1531 3460 1666 3522 perspexit

332 3561 362 3581 ³-
382 3540 498 3592 amntem
515 3533 646 3598 eooaettu]
672 3537 793 3587 anemtue
814 3537 920 3585 omnino
939 3549 979 3587 re·
1016 3537 1184 3589 Doederlein.
1213 3563 1247 3574 -
1272 3553 1326 3590 oon
1344 3536 1444 3602 aspir]
1474 3539 1519 3590 «ω
1542 3539 1666 3590 mm,

330 3625 490 3685 pugnante-o
510 3617 575 3668 Vae·
589 3615 742 3667 Tullianum
761 3613 843 3677 (Cael.
855 3615 898 3665 ιι.
912 3611 977 3673 oet.)
1016 3624 1074 3678 eet,
1094 3625 1123 3668 ut
1142 3617 1259 3680 pluribus
1278 3627 1368 3670 eontra
1385 3618 1450 3669 tllutl
1470 3617 1577 3670 delendi
1596 3630 1666 3680 opus

330 3710 358 3755 et
387 3699 456 3762 apud
485 3697 606 3750 Tettium
640 3700 725 3758 ipsum
755 3695 824 3745 Aoo.
854 3694 903 3754 ιι,
931 3693 976 3744 ti.
1015 3697 1123 3748 sttlllos
1142 3704 1232 3756 eiross
1258 3710 1310 3749 non
1329 3701 1426 3762 eripit,
1457 3704 1599 3751 uteorum
1617 3699 1667 3750 ds·

329 3782 412 3844 blesis
434 3779 538 3843 sulpure
557 3790 582 3828 ι.
602 3788 727 3827 remenso
745 3774 918 3826 substitutum
938 3781 977 3825 est
1014 3776 1160 3829 tensionem
1179 3781 1350 3841 susciptum.»
1369 3777 1523 3831 wasme,

329 3859 525 3918 ιΡιιιιοιιιιο,
552 3855 706 3920 lnietlpebtll
725 3854 923 3917 interpolatore·
945 3879 974 3893 -
1046 3911 1049 3920 ,
1328 3843 1335 3860 ’

330 3935 495 4003 euerrietior]
515 3940 596 4000 neris
609 3948 731 4000 pressus.
750 3936 832 3998 torgis
845 3937 974 3994 eoncitat,
1048 3935 1091 3986 ιιι.
1112 3936 1141 3988 c.
1156 3933 1411 4002 Graeetiierpetturd
1430 3937 1555 3991 borellus
1566 3939 1666 3992 essem

329 4023 502 4082 braviumque
521 4021 665 4068 lustrorum
684 4021 794 4065 ametor.
822 4013 853 4064 V.
877 4014 975 4064 otsrri·
1014 4016 1047 4066 ιιι
1073 4017 1232 4068 Frontonem
1260 4017 1418 4068 lim-Rom.
1447 4019 1527 4072 esso.
1556 4033 1583 4082 p.
1608 4022 1662 4072 sus

329 4105 395 4152 otios
413 4099 482 4150 l’lln.
503 4097 571 4159 Epp·
590 4098 622 4154 t,
643 4095 693 4155 20,
715 4095 757 4144 ιο.
786 4094 897 4156 opponit
914 4092 976 4157 effa·
1014 4095 1146 4147 tirooelsos
1169 4111 1228 4146 eam
1253 4097 1319 4149 rodo
1342 4100 1570 4155 martinensem,
1599 4100 1665 4150 a..

328 4181 403 4238 sian
421 4179 452 4238 ³,
473 4176 522 4236 te.
542 4176 594 4224 ltlt
623 4173 734 4223 hilarius
752 4178 776 4224 el
794 4175 872 4238 poeti
889 4173 976 4224 meol-
1012 4177 1143 4237 uenimus:
1170 4189 1254 4241 oeque
1274 4175 1342 4228 mita
1358 4183 1442 4230 metae
1461 4185 1498 4230 est
1517 4179 1664 4231 &nerim

327 4260 439 4310 tantiae.
475 4254 621 4308 Pertloolse
639 4261 670 4303 at
688 4265 750 4302 sene
769 4252 811 4304 blo
829 4251 917 4302 nullus
936 4259 976 4305 ert
1011 4256 1112 4306 intereo
1130 4267 1188 4305 eom
1203 4262 1289 4306 musta
1307 4257 1435 4322 deseruere
1451 4273 1535 4323 pom.
1559 4260 1660 4310 Frenis

327 4329 876 4395 toros-amorim]utsorspsstoetetun
891 4332 974 4394 Quin·
1011 4339 1069 4396 lpse
1095 4335 1159 4387 ibid.
1186 4347 1212 4397 p.
1232 4335 1284 4386 tile
1314 4338 1465 4390 oratorum
1481 4347 1662 4391 mmm

326 4418 472 4474 tlttsatlt).
489 4417 520 4472 1.
535 4415 603 4464 1152
623 4411 732 4464 multum
749 4413 850 4474 tepenti
868 4410 975 4462 incoe·
1009 4415 1091 4477 peaes·
1116 4420 1164 4464 ιιι
1185 4421 1295 4478 praeter
1314 4415 1436 4469 Caluam
1462 4424 1487 4468 ee
1512 4417 1661 4469 Graeci„

325 4499 362 4550 lia
381 4503 404 4548 et
418 4495 560 4560 praecipue
582 4493 612 4542 io
630 4491 776 4542 accusanda
792 4491 878 4542 multe
895 4491 974 4542 orba·
1008 4505 1086 4543 nemo
1103 4495 1194 4545 tubam
1210 4494 1307 4562 iuliae,-
1330 4510 1416 4549 ornnes
1432 4505 1521 4550 neten
1537 4501 1660 4563 erupisset

324 4582 413 4640 aiios,
438 4577 583 4639 clipeusque
601 4572 660 4627 oir.
689 4573 733 4620 eui
750 4583 821 4620 mem
838 4572 932 4622 metior
949 4579 973 4623 et
1009 4573 1050 4624 uel
1065 4569 1182 4624 stridunt
1195 4577 1293 4636 patius.
1322 4601 1351 4614 -
1384 4575 1581 4642 maturitatem]
1603 4578 1660 4630 u..

323 4661 381 4709 otto
397 4657 500 4720 leopior
512 4651 674 4716 eantipirset.
700 4651 758 4700 iton
777 4652 873 4702 desunt
885 4658 972 4702 umen
1010 4653 1082 4703 orob.
1102 4653 1157 4704 set.
1176 4655 1208 4713 5.
1223 4656 1254 4704 ιι
1285 4655 1351 4706 Soet
1368 4681 1379 4694 .
1396 4658 1452 4706 ‚rm
1471 4657 1576 4708 amm
1593 4657 1656 4711 m,

325 4742 351 4788 lo
371 4740 427 4788 etur
450 4735 482 4784 etl
502 4731 656 4784 Ciceronem
676 4729 804 4792 Epistolis
832 4733 883 4781 loct
910 4735 972 4782 setis
1010 4733 1114 4794 dispari
1125 4735 1277 4786 moralitate
1288 4735 1395 4798 diuersi.
1416 4737 1487 4786 Ueris
1504 4745 1541 4789 est
1557 4746 1657 4788 mete·

324 4819 415 4868 umeri.
434 4837 469 4850 -
493 4812 605 4876 praetor
623 4805 738 4871 Brutos]
759 4811 843 4862 littam
859 4809 969 4872 Quintil.
1009 4826 1068 4863 ror
1086 4820 1111 4863 et
1128 4815 1264 4879 prauis,
1284 4815 1370 4878 qualis
1383 4815 1415 4865 t.
1431 4816 1527 4868 cresso
1538 4819 1656 4883 oseipse·

324 4894 501 4956 12‚lo,ll:
529 4891 690 4956 pravitatem
708 4888 790 4939 liruto
815 4891 916 4941 tribuit.
939 4915 967 4930 -
1010 4899 1067 4942 tur:
1087 4893 1656 4962 olterbaioeontrorios,ormnem„

323 4971 422 5037 [erant]
442 4971 553 5023 tetoetti
566 4967 720 5031 presserant
742 4966 816 5030 (pree
830 4983 858 5022 ee
872 4968 969 5032 lerunt)
1008 4979 1033 5022 et
1043 4971 1174 5034 infensus,
1188 4973 1263 5036 quali
1274 4987 1338 5024 oeus
1349 4975 1493 5029 amesiae.
1507 4978 1575 5029 l’lin.
1587 4977 1653 5037 bpp.

323 5055 460 5114 esplteetlo
478 5058 532 5112 est,
552 5061 604 5100 non
624 5050 760 5099 eorrectio.
790 5049 842 5100 Cir.
858 5051 927 5102 illst.
941 5053 969 5112 ι,
1007 5053 1038 5110 ι,
1053 5053 1103 5101 22:
1129 5053 1274 5102 Trebonius
1290 5060 1421 5104 νιιιιιιιι
1441 5063 1467 5107 ιι
1483 5058 1599 5124 meeber
1615 5055 1655 5104 te·

322 5135 376 5186 libr
406 5133 536 5184 laetitiam
561 5129 635 5180 vulta
652 5127 746 5192 tereos.
765 5129 798 5192 l,
822 5129 872 5183 85:
904 5144 969 5196 auos
1007 5131 1143 5196 paetotar.
1172 5125 1477 5198 οιιιιιιιιωιιμιιιηι,
1505 5142 1583 5192 021..
1598 5135 1653 5188 ῃ,-
