3582 5880
280 437 344 504 352
653 435 845 504 CORNELII
865 435 1001 506 Tamti
1023 433 1256 505 (tumultu

277 595 432 663 nobilium
447 589 694 662 adolescentium
708 603 821 684 petant
841 593 927 664 ultro
949 616 1002 664 eas
1023 595 1167 664 nationes
1182 617 1264 685 quae
1280 593 1479 664 tumbellam
1494 596 1628 686 aliquod

279 718 407 795 gerunt,
429 709 505 796 quia
527 717 560 776 ct
581 709 703 795 ingrata
724 710 809 796 genti
831 709 936 798 quies,
964 718 996 775 ct
1015 707 1138 777 facilius
1161 713 1244 778 inter
1265 710 1413 795 ancipitia
1434 710 1624 788 clarescunt,

278 844 490 910 magnumque
505 825 687 890 comitatum
708 825 833 890 nonnul
855 823 887 890 vi
907 821 1054 912 celioque
1076 831 1197 890 tueare.
1221 825 1353 910 exigunt
1372 823 1455 890 euim
1471 826 1625 912 principis

278 937 327 1004 sui
355 936 541 1004 liberalitate
572 939 660 1004 illum
694 935 879 1003 bellatorem
912 958 1044 1024 equum,
1081 935 1167 1004 illam
1200 936 1625 1024 cruentam·victricemque

255 1053 441 1123 cirameam.
478 1071 551 1117 nam
573 1049 684 1137 epulae
712 1059 760 1127 et,
793 1069 984 1139 quamquam
1011 1047 1182 1136 incompti,
1211 1049 1291 1136 largi
1320 1061 1426 1118 tamen
1455 1058 1626 1140 apparatus

277 1185 336 1252 pro
360 1162 514 1251 stipendio
535 1165 663 1231 cedunt.
688 1163 819 1231 materia
840 1161 1071 1230 munificentiae
1086 1183 1147 1247 per
1160 1161 1247 1229 bella
1268 1174 1300 1229 et
1315 1171 1433 1252 raptus.
1457 1185 1516 1230 neo
1531 1184 1626 1230 arare

278 1287 394 1344 terram
416 1285 470 1344 aut
490 1285 673 1365 exspectare
695 1297 811 1343 aunum
832 1284 896 1343 tam
917 1274 1009 1342 locile
1029 1277 1226 1364 persuaseris
1248 1297 1342 1364 quem
1365 1297 1478 1344 vocare
1499 1281 1623 1343 lrostem

279 1400 311 1457 et
330 1394 461 1458 vulnera
482 1393 609 1458 mereri.
639 1389 765 1477 pigrum
793 1389 870 1476 quin
891 1388 988 1456 immo
1010 1397 1042 1456 ei
1067 1389 1153 1456 iners
1174 1389 1300 1458 videtur
1320 1393 1437 1458 sudore
1458 1389 1626 1479 adquirere

278 1507 364 1593 quod
385 1504 487 1592 possis
508 1505 659 1589 sanguine
681 1523 805 1590 parare.

147 1653 151 1664 ·
239 1633 268 1676 ιι
363 1615 423 1702 (15)
453 1619 607 1697 Quotiens
634 1613 719 1683 bella
745 1637 810 1684 non
838 1615 964 1693 incunt,
998 1634 1060 1683 aon
1090 1614 1223 1682 multum
1245 1618 1434 1695 venatibus,
1469 1619 1539 1706 plue
1561 1641 1623 1704 per

345 1755 372 1806 2.
391 1753 480 1806 llabet
491 1753 640 1806 clarescant
651 1752 682 1814 Ρ,
695 1765 748 1804 aaa
760 1753 905 1804 clarescant
918 1751 963 1802 Vc.
977 1749 1049 1813 spir.
1062 1750 1096 1802 al·
1112 1751 1258 1814 praelatum
1273 1765 1287 1804 a
1299 1752 1428 1806 Pasieria
1438 1759 1465 1807 et
1475 1751 1626 1807 waimero.

279 1850 310 1864 -·
329 1825 355 1877 ³.
375 1831 484 1878 taentar
501 1823 531 1875 Ρ.
559 1849 590 1862 -
617 1825 643 1875 ὅ.
662 1823 774 1887 epulae,
797 1829 961 1888 quamquam
978 1833 1039 1872 cum
1059 1820 1182 1873 Waiciio
1201 1822 1344 1885 vechner,
1376 1829 1406 1875 ut
1423 1831 1572 1889 apparatae
1591 1829 1628 1876 ait

277 1899 418 1961 genitivos.
439 1923 471 1935 -
501 1897 529 1946 7.
548 1901 689 1958 aapeotare
706 1893 772 1945 ru.
789 1917 818 1930 -
837 1894 935 1944 hortm
951 1891 973 1942 i>
991 1891 1033 1944 (ir
1052 1893 1138 1944 toatee
1158 1891 1189 1942 ii.
1211 1917 1243 1930 -
1261 1893 1288 1944 8.
1308 1897 1361 1946 ineo
1378 1893 1410 1946 1¹.
1429 1919 1464 1930 -
1484 1895 1626 1960 mquam

276 1967 315 2020 l’r
334 1969 471 2032 acquirere
490 1965 511 2016 it
530 1965 563 2018 G.
583 1990 617 2002 -
635 1965 678 2016 iti.
697 1977 753 2016 noe
768 1963 879 2014 matam
895 1963 916 2014 Ρ
935 1961 975 2014 tle
995 1963 1107 2014 maltam
1125 1975 1186 2015 oum
1204 1964 1296 2026 lipsio
1315 1965 1347 2018 it.

277 2083 376 2128 stratur
401 2089 431 2128 er
456 2073 599 2138 litletona.
623 2071 676 2124 Str.
701 2073 746 2123 ii.
773 2071 807 2124 de
834 2069 931 2124 sitrico
971 2069 1262 2135 uageaoaevoiiero
1277 2072 1543 2126 Gontlaerlieoaritec
1566 2073 1628 2124 i'oi·

277 2157 424 2219 complores
437 2154 619 2216 expeditiones
637 2151 746 2206 bellicae
765 2155 824 2204 viro
841 2154 932 2205 ettam·
969 2147 1013 2201 lter
1029 2151 1065 2200 tet
1082 2151 1127 2200 dir
1144 2151 1217 2213 iott,·
1241 2165 1269 2203 er
1286 2153 1374 2205 amet
1393 2153 1561 2204 umectata
1576 2153 1627 2204 din

276 2244 341 2288 tuac
368 2240 441 2298 patre
469 2235 650 2296 eueetplentee
676 2245 705 2284 er
725 2232 878 2282 carraccite
895 2231 932 2282 ott
969 2229 1047 2281 etto
1064 2230 1122 2281 aad
1139 2231 1187 2282 dte
1207 2231 1271 2296 polt.
1285 2257 1313 2270 ·-
1325 2233 1418 2296 epulae
1429 2230 1464 2298 et]
1485 2232 1547 2284 Post
1559 2234 1627 2286 iaec

277 2316 325 2366 der
351 2315 422 2365 rietes
440 2314 524 2365 soret
547 2313 714 2378 ellantiatten
736 2317 825 2368 ιιιιιιιι,Ι
849 2311 932 2362 darei
969 2322 1010 2362 ιι.
1031 2317 1121 2363 contra
1135 2309 1220 2363 coca.
1240 2312 1506 2364 omoeal’oteolauaa
1524 2319 1626 2364 umere

275 2396 344 2446 does
371 2395 433 2446 tileo
451 2393 536 2444 aterio
560 2393 612 2442 reti
631 2402 660 2441 er
676 2391 706 2441 ta
723 2391 843 2454 menapia
862 2391 929 2440 taret
969 2391 1077 2441 intrusit
1095 2391 1245 2446 emotetaa.
1264 2398 1296 2442 ut
1313 2405 1354 2444 vv.
1367 2393 1627 2457 ieconrpttnappa·

276 2477 373 2538 ltaque
405 2485 453 2536 per
481 2471 581 2524 aeaco
611 2469 785 2521 adolescentes
815 2471 931 2533 intellige
969 2473 1045 2520 ratae
1063 2473 1116 2520 aiut
1134 2472 1260 2534 genitivi:
1288 2469 1359 2524 item
1382 2473 1465 2525 soluit
1482 2470 1626 2525 Watehtna

277 2558 421 2622 praecipue
434 2564 524 2615 regum
538 2551 622 2608 iiiior,
642 2553 705 2614 qai,
726 2549 788 2600 dum
799 2550 930 2612 torpidam
969 2547 1057 2600 teleto
1084 2555 1118 2598 et.
1157 2547 1210 2600 sei
1239 2547 1273 2602 ts
1299 2547 1350 2602 διὰ
1374 2550 1459 2604 δυοιν
1483 2553 1576 2616 miae
1599 2557 1627 2603 at

278 2631 532 2700 proeminentiam,
552 2630 650 2695 pieriae
665 2630 810 2692 cupititate
826 2631 930 2681 accensi
969 2633 1119 2690 apparatae
1137 2629 1219 2681 multo
1238 2629 1332 2681 metina
1355 2629 1436 2681 reiert
1454 2630 1561 2684 tleeoess
1580 2645 1626 2696 ge·

277 2717 347 2769 ultro
377 2718 404 2766 ia
431 2712 518 2765 allona
546 2710 613 2762 belia
644 2709 848 2774 proticiecaotur
877 2722 929 2761 aaa
969 2719 1019 2758 uua
1037 2707 1176 2759 'faciteam
1196 2719 1244 2770 pro
1264 2709 1362 2774 volgari
1380 2710 1522 2774 epolnraee
1538 2723 1626 2776 appa·

277 2810 338 2849 cam
352 2793 507 2847 voluntariis
525 2805 556 2844 ex
575 2793 642 2854 reple
655 2789 697 2842 rei
710 2792 836 2854 principie
850 2793 930 2842 comi·
968 2794 1046 2839 rotaa
1064 2786 1121 2838 cie.
1143 2787 1218 2838 0rat.
1238 2789 1283 2841 25.
1321 2789 1396 2855 Largi
1417 2792 1461 2843 teti
1480 2796 1625 2856 apparatae

276 2885 385 2929 tatu·
406 2869 506 2937 tueare]
528 2870 754 2924 eatioiesceutitrue
773 2871 799 2920 io
818 2868 929 2920 aliorum
968 2879 1048 2932 saepe
1075 2867 1261 2920 describuntur
1288 2871 1314 2920 ia
1340 2869 1533 2935 ittoeinnqteoe
1551 2883 1577 2922 ι.
1598 2881 1624 2922 a.

276 2957 435 3021 populorum
454 2953 523 3007 bella
545 2948 688 3016 proiectis,
715 2949 834 3003 terantur
861 2951 929 3013 regie
968 2947 1022 2998 Str.
1041 2945 1111 3000 aca=
1136 2947 1166 3000 St
1190 2949 1295 3014 scorteo
1311 2947 1382 3001 ciete
1398 2949 1481 3014 eptae,
1504 2947 1558 3001 aar
1572 2961 1626 3002 areo

276 3049 407 3103 erpeoaae
427 3033 599 3090 locontur,
619 3031 930 3093 quoepertoertempa·
967 3031 1064 3095 quoten
1089 3029 1155 3079 wia.
1177 3055 1206 3068 -
1227 3026 1342 3094 aeeon]
1370 3035 1528 3094 proventum
1545 3033 1623 3092 aaut,

274 3131 332 3171 cem
352 3116 422 3168 aiere
451 3127 482 3165 ac
505 3118 654 3164 sustentare
682 3109 789 3162 tillietle
809 3115 857 3160 est.
897 3109 929 3160 ln
968 3112 1000 3159 ut
1017 3107 1086 3160 aaut
1107 3113 1283 3172 reropottae·
1303 3108 1527 3172 Lucam-‘mlle
1544 3109 1626 3176 Apri·

275 3198 344 3251 ltello
369 3209 432 3250 vero
452 3196 479 3245 lu
499 3192 676 3255 praemiorum
695 3189 781 3241 locum
800 3191 929 3241 continuo
966 3187 1040 3240 colae
1056 3189 1144 3252 raptio
1162 3201 1262 3239 annana
1278 3189 1371 3256 praere
1391 3193 1517 3244 tamde-
1554 3191 1622 3242 Stat.

275 3281 384 3343 erigant
408 3275 487 3326 modo
512 3283 629 3338 equum,
655 3269 734 3320 modo
759 3267 927 3328 tremeam3»
966 3267 1030 3319 Sile.
1044 3266 1072 3325 t.
1085 3267 1112 3328 2,
1126 3267 1172 3319 22.
1192 3267 1319 3320 hortare
1331 3283 1430 3321 acaum
1448 3283 1496 3334 pro
1508 3269 1622 3336 Aegypti

275 3371 344 3424 quae
365 3356 475 3421 qoioem
502 3363 611 3405 munera
638 3353 697 3412 poet
715 3361 783 3400 nora
802 3351 927 3400 connitum
965 3353 1096 3411 proventu
1114 3360 1214 3400 annuo·
1235 3371 1267 3385 -
1287 3347 1393 3414 cocere]
1418 3357 1449 3403 nt
1467 3352 1499 3403 Α.
1519 3350 1546 3412 t,
1563 3349 1621 3402 tte

275 3439 378 3504 egregia
407 3435 522 3487 iaciaora
551 3441 641 3483 tarsae
670 3428 818 3482 enittendo
847 3429 927 3480 tolose
966 3427 1080 3478 Οιοιιιιιι
1098 3450 1110 3464 ·
1128 3453 1139 3467 -
1157 3439 1251 3478 ooeore
1276 3429 1312 3479 aa
1328 3443 1447 3496 paquara
1471 3443 1519 3495 pro
1541 3431 1623 3483 aelito

274 3524 481 3570 eouaeataoeunr
495 3519 544 3565 eat.
577 3512 692 3571 Verum,
709 3511 732 3563 el
748 3522 798 3563 uec
810 3512 927 3575 praemia
961 3519 1118 3572 proooeare.
1130 3535 1158 3546 -
1171 3509 1285 3560 oolam
1301 3507 1407 3574 mereri}
1429 3516 1459 3562 ut
1475 3511 1622 3562 hononilea

274 3599 366 3651 donari
380 3609 430 3649 nec
438 3596 523 3659 largae
534 3591 628 3656 epulae
641 3587 845 3656 (stipendiorum
856 3591 927 3655 apud
964 3588 1127 3642 tortitudinis
1147 3591 1307 3643 testimonia.
1330 3589 1384 3640 Cir.
1404 3588 1482 3641 0.·1.
1502 3597 1572 3642 erte..

274 3681 408 3732 liomanor
426 3673 494 3739 ioco)
518 3673 639 3736 praeteri
664 3679 791 3734 possunt,
818 3677 927 3725 comiter
1000 3669 1045 3720 15.
1058 3681 1113 3720 ooo
1124 3669 1238 3720 mattam
1249 3667 1398 3735 υοιιιιιιιιιι]
1412 3667 1622 3723 Contrarlacuar

274 3760 409 3824 paullatim
436 3753 588 3806 dilabuutur
606 3758 686 3815 atque
705 3755 839 3804 evanescit
862 3751 926 3804 itini
964 3749 1108 3802 rideantur
1120 3747 1240 3802 caeseris
1262 3751 1414 3803 teetimonta
1432 3749 1464 3802 Β.
1479 3749 1512 3803 (l.
1526 3750 1554 3812 6,
1566 3749 1620 3801 ate

272 3842 302 3892 ie
317 3839 489 3904 paeedecat,
507 3831 795 3896 tooettopraeatatom.
809 3832 928 3882 -ttlam
967 3829 1029 3880 Vita
1052 3827 1243 3881 Germanorum
1269 3831 1354 3880 omnia
1382 3832 1411 3881 tra
1436 3829 1623 3882 ommtoettoe

273 3921 427 3972 testatorem
456 3913 565 3982 equam]
600 3911 749 3963 Pronomeu
780 3913 924 3964 demonstr.
963 3910 1182 3976 atqaelattaoltte
1196 3911 1235 3961 rei
1249 3909 1377 3962 militaris
1394 3913 1570 3963 caemar·
1590 3910 1620 3971 t.

273 4002 341 4053 heac
353 4000 435 4051 habet
447 4001 509 4054 rim.
529 3997 621 4045 uisite
643 4004 758 4057 aequum
773 3992 926 4045 bellatorem
965 3992 978 4041 1
992 4003 1000 4038 ι
1019 3988 1052 4041 ae
1065 3988 1175 4041 suerio:
1189 3989 1370 4040 ωιιιιιιιιιιυιιι
1382 3990 1411 4040 to
1422 3990 1619 4052 unctionibus,

274 4087 411 4144 tantopere
437 4077 557 4140 cupitum
581 4079 607 4125 et
631 4084 679 4134 pro
702 4082 756 4135 quo
774 4074 891 4135 praemio
911 4085 926 4124 a
965 4070 1068 4132 lipsiae
1093 4067 1232 4120 delendam
1250 4071 1334 4120 suasit
1352 4072 1537 4134 negationem,
1563 4081 1620 4121 aaa

273 4162 392 4224 principe
411 4171 458 4209 auo
484 4154 629 4205 obtinendo
647 4151 774 4203 audacter
793 4163 929 4213 quaecau·
967 4157 1055 4201 taurea
1081 4145 1179 4200 delerit
1205 4149 1279 4211 ipse,
1304 4151 1342 4199 att
1368 4148 1455 4201 iecere
1474 4148 1619 4202 oteritnoe

273 4255 327 4307 qae
346 4237 463 4300 pericula
481 4233 665 4286 subeunte-
681 4237 818 4282 maantam
835 4234 927 4284 ciceri
963 4230 1072 4294 altique.
1109 4226 1179 4280 Saue
1202 4229 1283 4279 halus
1309 4227 1502 4280 eadaeteeimee
1529 4231 1618 4280 caule·

272 4315 385 4384 conque]
404 4317 478 4368 llaec
495 4327 537 4366 ιι.
552 4315 640 4365 oeacto
661 4311 726 4374 qaia
746 4310 845 4363 habent
862 4317 925 4374 poe·
963 4316 1053 4360 oturae
1065 4305 1183 4359 lautores
1195 4307 1289 4359 ailerre
1302 4313 1426 4371 poterant
1439 4308 1617 4372 aimericum,

272 4403 317 4452 tici
329 4412 376 4461 pro
387 4396 528 4447 eiramearn
541 4395 567 4444 in
578 4393 818 4456 victoriaeeiquam
830 4403 925 4443 crueu·
962 4391 1007 4454 qai
1036 4388 1148 4448 dieitur,
1182 4400 1209 4438 ι.
1234 4387 1295 4440 118.
1327 4387 1380 4438 iia.
1398 4401 1473 4442 aneae
1504 4401 1531 4452 p.
1559 4385 1617 4440 rie

272 4488 380 4533 tatem.»
408 4473 597 4527 lluiuacemoaii
611 4479 701 4524 autem
714 4470 782 4525 dona
796 4477 926 4522 memorat
960 4469 1065 4519 Etenim
1091 4477 1202 4518 nemora
1233 4468 1304 4518 inter
1340 4480 1426 4531 opaea
1456 4467 1511 4520 Hic
1535 4475 1619 4534 poter

271 4559 422 4624 Fredegari!
446 4557 617 4606 continuator
640 4550 673 4604 ad
698 4562 723 4602 a.
741 4550 813 4602 'itte
839 4549 924 4601 lieret·
961 4545 1400 4604 aquaequeaquaeque
1415 4549 1509 4607 Meos,
1532 4549 1618 4600 laer·

270 4649 364 4693 atooaa
384 4638 419 4688 od
437 4633 641 4700 repemoeateaa
658 4635 825 4682 sacramento
838 4629 924 4681 matta
961 4639 1016 4678 cere
1032 4626 1097 4678 solet
1116 4633 1208 4690 protos
1225 4639 1272 4690 per
1294 4629 1419 4689 pronatae
1437 4627 1514 4678 taaoe
1530 4629 1617 4692 Atque

270 4726 296 4772 et
312 4715 388 4786 prtem
406 4717 463 4781 reqt
481 4714 594 4778 Pippino
608 4711 746 4774 promitti,
770 4716 799 4761 at
820 4722 924 4774 semper
960 4709 1064 4772 aptiore
1085 4706 1158 4771 {erae
1183 4706 1292 4757 canitae
1317 4707 1487 4770 tremulisque
1507 4707 1617 4771 sopato

270 4799 353 4865 pletis
370 4801 425 4848 tom
442 4791 777 4858 praedictoreptqaamet
794 4788 923 4854 pitinate
958 4785 1079 4838 siemera
1102 4786 1266 4851 eoreatqeraaa
1295 4787 1424 4852 etproqae
1445 4785 1494 4837 aut
1515 4785 1616 4838 artare

270 4892 323 4930 eoae
341 4875 452 4926 detera·
490 4874 545 4924 aee
570 4883 631 4921 oero
655 4870 685 4919 ta
702 4881 779 4919 taam
797 4869 922 4920 attonem
959 4867 1082 4927 torcamo
1107 4865 1194 4918 Caroli
1214 4865 1284 4919 Calvi
1304 4873 1332 4917 et
1349 4867 1457 4918 ilarairii
1477 4866 1615 4920 Dacorum

270 4971 329 5010 eam
347 4956 476 5017 recepiret
487 4951 572 5002 matta
583 4961 695 5000 manera
708 4947 769 4998 oart
781 4951 805 4996 et
818 4949 923 5012 arpenti
960 4951 1027 5012 regia
1046 4948 1213 4998 renationem
1239 4948 1265 4996 tn
1284 4946 1370 4998 lllreni
1395 4946 1479 4998 insula
1498 4946 1615 5000 deiecta·

269 5043 294 5090 et
310 5037 431 5099 pretioso
450 5033 624 5089 vestimenta,
647 5040 751 5092 eqaoa
779 5033 804 5078 et
829 5041 923 5078 arma
960 5029 1039 5079 uouit
1070 5037 1148 5077 caasa
1179 5023 1338 5078 celebratam
1368 5023 1427 5079 laea
1451 5025 1615 5090 detemptaua

269 5113 409 5184 larqimao
421 5123 480 5164 eaor
491 5109 597 5164 attaott.
617 5106 759 5172 litletona.
773 5107 826 5160 Str.
839 5107 920 5160 witi.
958 5108 992 5161 air
1010 5103 1125 5158 iirnoido
1142 5103 1256 5170 iliqetito
1273 5108 1301 5158 in
1320 5105 1442 5160 carmine
1454 5105 1572 5173 elegiaco
1585 5111 1615 5163 ta
