3576 5882
1416 341 1420 350 ι

364 501 427 570 20⁰
667 446 670 454 Ι
712 499 901 570 CORNELII
920 497 1054 568 nem
1074 499 1349 570 msronunuu

363 661 459 724 ναῖκα
477 663 585 718 πασῶν
603 657 735 737 ἀρίστην
750 657 896 741 ῆγμένος,
926 661 966 736 ἢν
986 658 1046 721 ἐκεῖ
1068 661 1127 740 μὲν
1140 658 1291 736 Ἐμπονῆν
1309 661 1333 737 ²)
1355 657 1503 732 ἐκάλουν,
1528 657 1683 735 Ἑλληνιστὶ

363 743 443 810 δεῖν
469 767 515 812 τις
533 741 667 826 Ἡρωλδα
690 745 973 826 προσαγορεύσειεν·
1005 747 1079 824 [ἣν]
1104 745 1174 806 οὔτε
1200 743 1355 806 ἀπολιπεῖν
1383 742 1513 814 δυνατός
1534 736 1592 822 ἦν,
1623 741 1682 804 ούτε

362 834 437 914 μεθ’
457 828 569 890 ἐαυτοῦ
587 828 731 909 κομίζειν.
765 826 863 910 Ἒχων
890 829 946 890 ούν
965 831 1034 890 κατ’
1052 827 1152 912 ἀγρόν
1180 829 1346 908 ἀποθήκας
1361 835 1536 912 χρημάτων
1563 825 1682 912 ὀρυκτὰς

363 915 535 998 ὑπογείους,
566 913 605 981 ἀς
630 911 685 974 δύο
708 912 801 995 μόνοι
832 920 892 975 τῶν
920 913 1132 996 ἀπελευθέρων
1160 914 1364 1002 συνῆδεισαν,
1403 911 1475 982 τούς
1502 917 1562 996 μέν
1586 911 1682 982 ἄλλους

364 1001 533 1078 ἀπήλλαξεν
554 997 693 1070 οἰκέτας,
721 1000 762 1065 ὡς
780 998 898 1080 μέλλων
928 999 1110 1080 φαρμάκοις
1133 999 1271 1080 ἀναιρεῖν
1291 998 1421 1072 ἐαυτόν,
1448 997 1502 1058 δύο
1524 997 1555 1060 δέ
1572 997 1684 1066 πιστούς

363 1083 555 1168 παραλαβὼν
573 1091 614 1151 είς
626 1081 665 1144 τά
684 1084 809 1165 ὑπόγεια
821 1084 955 1166 κατέβη·
975 1083 1051 1166 πρός
1066 1105 1097 1145 τε
1112 1081 1169 1164 τὴν
1180 1085 1315 1166 γυναῖκα
1327 1086 1546 1166 Μαρτάλιονθ
1561 1081 1684 1165 ἐπεμψεν

364 1171 565 1252 ἀπελεύθερον
583 1169 815 1250 ἀπαγγελοῦντα
832 1169 984 1231 τεθνάναι
1001 1171 1059 1251 μὲν
1083 1166 1143 1230 ύπό
1160 1169 1356 1251 ῳαρμάκων,
1381 1169 1644 1249 συμπεραρλέχθαι
1659 1167 1685 1229 δὲ

362 1254 443 1340 μετά
459 1259 515 1317 τοῦ
539 1255 683 1338 σώματος
701 1251 758 1328 τὴν
785 1251 929 1314 ῖπαυλιν·
958 1255 1098 1336 ἐβούλετο
1117 1253 1178 1334 γάρ
1202 1257 1245 1329 τῷ
1265 1257 1281 1294 *
1298 1255 1351 1331 *4)
1382 1257 1436 1332 τῆς
1453 1251 1599 1334 γυναικός
1618 1255 1685 1328 ἀλη-

362 1348 460 1414 θινῶς
471 1341 550 1424 πρός
560 1343 661 1403 πίστιν
673 1349 726 1420 τῆς
741 1342 903 1424 λεγομένης
921 1343 1066 1418 τελευτῆς.
1099 1343 1134 1400 ‘¹0
1153 1337 1207 1399 καὶ
1227 1339 1357 1422 συνέβη·
1377 1337 1496 1420 ρίψατο
1514 1337 1594 1419 γάρ,
1613 1333 1685 1404 ὅπως

365 1429 467 1512 ῖτυχε,
488 1427 524 1490 τδ
549 1432 640 1509 σῶμα
654 1425 709 1488 καὶ
726 1423 807 1508 μετά
825 1426 877 1502 *⁵1
898 1422 953 1485 καὶ
972 1423 1158 1505 ὀλοφυρμῶν
1169 1424 1287 1505 ἡμέρας
1300 1424 1379 1506 τρεῖς
1390 1421 1446 1484 καὶ
1458 1424 1574 1490 νύκτας
1591 1419 1685 1488 ἄσιτος

363 1513 585 1596 διεκαρτέρησε.
626 1515 729 1572 Ταῦτα
755 1509 786 1572 δέ
812 1514 830 1572 ὁ
854 1511 986 1592 Σαβῖνος
1013 1509 1250 1592 πυνθανόμενος
1275 1509 1330 1570 καὶ
1359 1509 1531 1593 φοβηθεά,
1562 1505 1606 1590 μῆ
1627 1505 1686 1567 δια-

365 1601 481 1686 φθείρη
510 1595 710 1660 παντάπασιν
729 1593 856 1672 ἐαυτῆν,
891 1594 1024 1656 ἐκέλευσε
1050 1593 1173 1672 φράσαι
1200 1594 1309 1674 κρύφα
1332 1593 1387 1656 τόν
1415 1594 1597 1675 Μαρτάλιον
1622 1590 1686 1672 πρός

364 1685 482 1760 αὐτήν,
514 1685 561 1744 οτι
582 1683 619 1768 ζῆ
639 1679 694 1742 καὶ
719 1679 902 1763 κρύπτεται,
934 1677 1026 1740 δεῖται
1053 1678 1083 1740 δὲ
1104 1679 1200 1756 αὐτῆς
1219 1681 1319 1760 ὀλίγον
1346 1681 1487 1761 ἐμμεῖναι
1515 1683 1559 1755 τῷ
1577 1678 1686 1748 πένθει,

363 1769 419 1832 καὶ
436 1765 514 1852 μηδὲ
526 1770 543 1806 *
556 1769 572 1806 *
584 1765 608 1842 ⁶)
629 1763 768 1843 πιθανὴν
781 1767 813 1827 ἐν
834 1767 873 1852 τῆ
892 1763 1091 1845 προσποιήσει
1109 1767 1264 1844 γενέσθαι.
1304 1761 1348 1826 Τά
1365 1768 1424 1846 μὲν
1444 1761 1500 1826 ούν
1515 1765 1595 1825 ἄλλα
1612 1759 1687 1842 παρά

363 1859 418 1934 τῆς
437 1847 582 1934 γυναικός
602 1851 772 1930 ἐναγωνίως
788 1845 1042 1929 συνετραγῳδεῖτο
1066 1851 1105 1935 τῆ
1124 1845 1196 1938 δόξη
1215 1855 1270 1910 τού
1286 1847 1428 1917 πάθους·
1451 1849 1566 1911 ἐκεῖνον
1589 1846 1614 1908 δ’
1624 1846 1686 1907 ἰδεῖν

363 1943 509 2002 ποθοῦσα
535 1931 645 2003 νυκτός
673 1931 785 2014 ᾤχετο,
816 1931 871 1994 καλ
890 1939 981 1999 πάλιν
1000 1936 1179 2011 ἐπανῆλθεν.
1214 1936 1264 1994 Ἐκ
1291 1933 1322 1995 δὲ
1349 1941 1465 1995 τούτων
1494 1935 1688 1996 λανθάνουσα

364 2028 436 2091 τούς
460 2019 589 2089 ἀλλους,
611 2017 711 2100 ὀλίγον
730 2017 830 2080 ἀπέδει
850 2027 946 2097 συζῆν
968 2021 1000 2082 ἐν
1021 2015 1098 2094 ᾅδου
1117 2022 1161 2094 τῷ
1179 2015 1269 2100 ἀνδρὶ
1289 2017 1380 2080 πλέον
1395 2018 1464 2094 ἑξῆς
1480 2016 1558 2080 ἐπτά
1574 2021 1686 2100 μηνῶν·

363 2109 396 2172 ἐν
414 2105 460 2176 οῖς
478 2103 743 2166 κατασκευάσασα
761 2108 815 2166 τόν
839 2107 974 2188 Σαβῖνον
994 2105 1104 2181 ἐσθῆτι
1128 2101 1184 2164 καὶ
1203 2107 1304 2186 κουρᾷ
1321 2103 1480 2185 ἄγνωστον
1488 2149 1500 2179 ,
1525 2111 1568 2172 εἰς
1582 2103 1688 2206 Ῥώμην

363 2189 486 2276 ἐκόμισε
507 2189 581 2271 μεθ’
603 2185 712 2266 ἐαυτῆε
740 2187 867 2251 ἐλπίδων
895 2195 986 2252 τινῶν
1012 2186 1223 2271 ἐνδεδομένων.
1263 2192 1416 2272 Πράξασα
1440 2187 1472 2252 δέ
1496 2189 1584 2255 οὐδὲν
1606 2193 1689 2255 αυθιε

363 2277 534 2355 ἐπανῆλθε,
557 2271 612 2336 καλ
630 2277 671 2334 τά
687 2276 746 2354 μέν
764 2273 862 2336 πολλὰ
882 2277 985 2352 ἐκείνῳ
1006 2277 1102 2351 συνῆν
1118 2271 1176 2335 ύπδ
1199 2280 1275 2354 γῆς,
1299 2273 1350 2336 διὰ
1365 2275 1485 2357 χρόνου
1504 2273 1537 2338 δὲ
1555 2282 1597 2344 εἰς
1612 2275 1688 2336 πόλιν

364 2362 473 2443 ἐφοίτα
494 2359 563 2428 ταῖς
585 2359 692 2437 φίλαις
717 2359 856 2440 ὁρωμένη
879 2357 933 2420 καὶ
960 2361 1086 2428 οἰκείαις
1112 2361 1240 2439 γυναιξί.
1279 2356 1319 2420 Ίό
1337 2357 1369 2421 δὲ
1386 2360 1511 2423 πάντων
1530 2359 1688 2422 ἀπιστότα-

363 2469 418 2509 τον
437 2444 535 2508 ῖκαθε
566 2448 685 2504 κύουσα
715 2445 865 2525 λουομένη
884 2443 964 2526 μετά
985 2448 1047 2505 τῶν
1065 2447 1233 2524 γυναικῶν·
1259 2441 1295 2506 τό
1316 2439 1376 2524 γάρ
1394 2445 1584 2526 φάρμακον,
1605 2443 1689 2522 ῶτὴν

364 2539 465 2613 κόμην
485 2537 519 2590 αἱ
536 2528 676 2607 γυναῖκες
694 2528 927 2611 ἐναλειφόμεναι
938 2533 1061 2590 ποιοῦσι
1069 2525 1232 2614 χρυσοειδῆ
1243 2527 1298 2591 καλ
1312 2525 1454 2613 πύρῥαν,
1481 2526 1542 2610 ἐ’χει
1560 2531 1688 2610 λίπασμα

365 2616 555 2696 σαρκοποιὸν
566 2614 587 2690 ἢ
593 2617 788 2693 χαυνωτικὸν
802 2613 934 2693 σαρκός,
956 2611 1033 2674 ὥστε
1045 2611 1111 2675 οῖον
1128 2610 1268 2694 διάχυσίν
1283 2637 1354 2676 τινα
1372 2619 1395 2690 ἦ
1413 2613 1575 2696 διόγκωσιν
1592 2616 1688 2696 ἐμποι-

364 2701 425 2763 εῖν·
444 2697 579 2777 ἀφθόνῳ
591 2693 629 2774 δὴ
636 2695 784 2778 χρωμένη
803 2699 902 2774 τούτῳ
914 2696 990 2780 πρὸς
1009 2697 1048 2759 τά
1070 2697 1161 2761 λοιπά
1179 2700 1259 2778 μέρη
1278 2705 1333 2761 τοῦ
1352 2705 1515 2782 σώματος,
1534 2699 1689 2781 αἰρόμενον

364 2783 420 2846 καὶ
437 2782 713 2862 ἀναπιμπλάμενον
730 2782 905 2865 ἀπέκρυπτο
924 2783 979 2844 τόν
995 2787 1048 2860 τῆς
1064 2781 1198 2864 γαστρός
1218 2781 1319 2866 ὄγκον.
1361 2787 1421 2852 Τὰς
1439 2783 1470 2845 δὲ
1489 2783 1601 2852 ὠδῖνας
1620 2779 1689 2856 ahu)

364 2871 440 2934 καθ’
452 2867 566 2946 έαιπὴν
583 2863 753 2947 διήνεγκεν,
773 2871 872 2948 ῶσπερ
887 2869 918 2929 ἐν
933 2871 1039 2949 φωλεῷ
1057 2868 1163 2936 λέαινα
1176 2867 1338 2932 καταδῦσα
1351 2869 1427 2954 πρὸς
1444 2867 1499 2930 τόν
1513 2865 1627 2954 ἀνδρα,
1643 2863 1689 2927 καὶ

364 2953 436 3023 τοὺς
456 2965 637 3034 γενομένους
648 2955 852 3032 ὑπεθρέψατο
871 2954 1026 3035 σκύμνους
1045 2949 1190 3034 ἀρῥενας·
1209 2955 1263 3018 δύο
1275 2959 1335 3036 γὰρ
1355 2953 1444 3018 ἔτεκε.
1486 2961 1551 3016 Τῶν
1573 2953 1606 3016 δὲ
1625 2955 1689 3014 υίῶν

365 3040 460 3122 ὀμέν
481 3039 514 3099 ἐν
532 3044 672 3118 Αἰγύπτῳ
693 3037 794 3105 πεσὼν
809 3039 1016 3114 ἐτελεύτησεν,
1046 3037 1107 3099 ὁδ’
1129 3035 1230 3122 ἕτερος
1245 3037 1318 3124 ἀρτι
1334 3039 1389 3102 καὶ
1406 3040 1514 3122 πρῴην
1531 3037 1649 3120 γέγονεν
1663 3037 1690 3096 έν

364 3123 493 3200 Δελφοῖς
514 3123 588 3202 παρ’
613 3123 703 3204 ἡμῖν,
730 3116 832 3204 ὄνομα
858 3123 998 3203 Σαβῖνος.
1034 3123 1207 3185 Ἀποκτείνει
1230 3129 1289 3212 μέν
1313 3117 1368 3188 οὖν
1393 3125 1492 3202 αὐτὴν
1519 3123 1536 3184 ὀ
1558 3123 1689 3204 Καῖσαρ·

365 3209 547 3276 ἀποκτείνας
559 3207 591 3270 δὲ
608 3205 711 3267 δίδωσι
722 3206 829 3280 δίκην,
847 3207 880 3266 ἐν
898 3207 998 3285 ὀλίγῳ·
1003 3207 1113 3290 χρόνῳ
1129 3213 1185 3268 τού
1197 3211 1302 3289 γένους
1322 3209 1436 3278 παντός
1455 3206 1554 3290 ἄρδην
1573 3205 1689 3286 ἀναιρε-

363 3295 484 3361 θέντος.
522 3291 614 3354 Ούδέν
640 3294 700 3372 γάρ
727 3288 850 3371 ἤνεγκεν
874 3292 896 3366 ἡ
921 3292 989 3352 τότε
1005 3293 1160 3374 ῑὴγεμονία
1179 3295 1456 3376 σκυθρωπότερον,
1490 3293 1559 3356 ούδέ
1582 3295 1689 3375 μᾶλλον

364 3379 473 3460 ἑτέραν
485 3374 565 3445 εἰκός
579 3377 617 3455 ἦν
629 3373 684 3436 καὶ
696 3374 790 3443 θεοῖς
808 3373 863 3436 καλ
878 3374 1029 3457 δαίμονας
1042 3373 1121 3452 ὄψιν
1132 3381 1390 3460 ἀποστραφῆναι·
1409 3381 1511 3440 καίτοι
1532 3373 1584 3439 τόν
1596 3377 1691 3444 οἶκτον

365 3463 464 3548 ἐξῄρει
486 3465 548 3525 τοῖν
566 3466 733 3540 θεωμένων
749 3459 785 3521 τό
803 3459 983 3542 θαρραλέον
1004 3461 1101 3538 αὐτῆς
1118 3461 1174 3523 καὶ
1193 3467 1426 3546 μεγαλήγορον,
1447 3461 1543 3540 ᾦκαὶ
1562 3463 1691 3544 μάλιστα

365 3547 525 3629 παρώξυνε
536 3544 590 3608 τόν
604 3545 852 3618 Οὐεσπασιανόν,
869 3548 908 3612 ὡς
920 3545 1041 3627 ἀπέγνω
1053 3550 1107 3622 τῆς
1121 3550 1275 3630 σωτηρίας
1287 3549 1363 3631 πρός
1375 3553 1471 3612 αὐτὸν
1482 3545 1687 3628 ἀπαλλαγὴνί)

366 3629 546 3692 κελεύουσα·
564 3630 746 3712 βεβατκέναι
757 3627 822 3709 γάρ
831 3627 891 3689 όπό
901 3629 1001 3704 σκότῳ
1012 3628 1066 3690 καλ
1078 3629 1161 3692 κατά
1174 3639 1229 3712 γῆς
1240 3633 1344 3710 ἥδιον,
1362 3637 1387 3710 ἢ
1395 3636 1567 3718 βασιλεύων
1579 3634 1689 3698 ἐκεῖνος·

440 3717 526 3776 Addo
545 3731 583 3775 ex
601 3716 696 3775 Dione
715 3715 779 3791 (66,
799 3713 866 3789 ³.)=
892 3713 1012 3782 Ἰούλιός
1030 3737 1076 3782 τις
1094 3718 1242 3798 Σαβῖνος,
1271 3717 1352 3799 ἀνὴρ
1369 3725 1488 3798 πρῶτος
1507 3727 1569 3782 τῶν
1586 3715 1690 3800 Λιγγό-

365 3823 448 3875 νων,
479 3799 611 3884 δύναμιν
634 3798 690 3860 καλ
713 3797 809 3866 αὐτός
831 3796 914 3859 ίδίαν
934 3796 1085 3876 ἤθροισε,
1121 3799 1177 3861 καὶ
1200 3803 1324 3884 Καῖσαρ
1347 3805 1575 3886 ἐπωνομάσθη,
1605 3807 1691 3886 λέγων

367 3875 491 3968 ῖκγονος
510 3891 565 3948 τοῦ
576 3887 737 3967 Καίσαρος
749 3889 804 3945 τού
815 3883 940 3945 Ἰουλίου
956 3883 1045 3946 εἶναι.
1066 3885 1211 3963 ἡττηθεὶς
1233 3887 1265 3950 δέ
1275 3889 1394 3972 μάχαις
1411 3893 1507 3964 τισίν,
1526 3891 1635 3972 ἔφυγεν
1654 3895 1691 3955 εἰς

436 4109 464 4175 2)
484 4109 596 4174 οιιιοτιι
611 4105 716 4162 malm
730 4105 762 4160 λι
778 4106 924 4172 Plutum
940 4106 1096 4162 λτσπτλσιέιι
1111 4121 1164 4173 τισι·
1180 4107 1287 4178 Amet.
1320 4111 1419 4170 Ριτιλι,
1442 4111 1542 4180 έπῳιιι
1563 4112 1599 4166 δτι
1613 4113 1689 4180 Mt,

367 4191 447 4246 15⁷8.
466 4189 502 4242 ΙΙ.
522 4201 550 4254 ρ.
568 4188 637 4242 δῦνε
656 4189 817 4252 meum.

436 4288 464 4356 8)
482 4289 591 4355 Amyon
609 4285 754 4342 λέστεεσλλι.

435 4388 464 4454 λ)
481 4387 513 4439 1ο
533 4392 656 4452 promptu
675 4392 715 4438 ιιι
733 4383 856 4449 supplere
875 4397 936 4436 eum
953 4383 1022 4440 Μετ.
1060 4385 1201 4452 ἐβούλετο
1226 4386 1283 4463 γὰρ
1309 4387 1349 4460 τῷ
1375 4388 1475 4444 πένθει
1501 4391 1627 4466 χρῆσθαι
1643 4389 1691 4458 τῆς

367 4465 508 4541 γυναικός
525 4463 665 4536 ἀληθινῷ.
684 4465 942 4519 Ῡίτττιτινιοειτοι.
978 4465 1092 4533 λωγοτι
1123 4481 1172 4520 τοι·
1193 4469 1215 4520 λλ
1231 4481 1258 4520 τι
1272 4470 1375 4522 υοιιλολι
1397 4471 1483 4523 ww
1500 4473 1537 4524 δτι
1553 4471 1631 4525 M
1646 4483 1690 4536 ενι

367 4563 400 4603 τα
416 4547 508 4613 {emm
523 4549 650 4599 νιικιτολε
668 4542 687 4596 ό
702 4547 753 4598 bon
770 4548 887 4602 ιιιεστιτ,
904 4559 976 4610 ροιιι·
990 4548 1052 4612 ρλιιι
1070 4551 1254 4604 certatam
1271 4557 1297 4603 ιλ
1305 4550 1368 4614 pluo
1380 4554 1602 4620 εικτιικιιττίσλττ
1612 4553 1692 4604 πόλιν

367 4630 479 4684 lubuit
496 4630 541 4695 φιλ
558 4628 661 4680 ισιιτοίτ
678 4627 709 4678 δι
725 4639 758 4677 ισ
774 4631 854 4678 ποτε.

437 4726 464 4794 ὅ)
482 4725 582 4791 suppl·
599 4721 733 4800 δακρύων
751 4724 792 4779 ττΙ
809 4724 991 4794 στεναγμῶν.
1028 4720 1142 4794 Ααῳολξ
1168 4742 1229 4782 συετ
1250 4730 1352 4797 rand!
1378 4744 1438 4797 τινι
1456 4739 1482 4786 ετ
1500 4731 1689 4786 mmmm·

437 4823 464 4891 ο)
484 4825 660 4888 sunniacum
684 4825 792 4877 ΒεΙτλΙο
814 4821 908 4890 μηδὲν
934 4825 1135 4900 καρολελκιιν,
1163 4823 1238 4882 ῶοτε
1262 4827 1405 4898 πιθανήν,
1433 4831 1476 4886 vel
1501 4845 1562 4885 τοτα
1580 4829 1689 4892 Wlffl-

368 4907 463 4960 ὀιελλο
480 4905 572 4974 μηδὲν
589 4899 719 4963 ἀνιέναι.
738 4899 813 4958 ἀλλά
830 4903 967 4973 πιθανήν.

435 5003 463 5070 7)
481 5005 539 5055 Ησι
565 5015 591 5054 τ.
619 5007 790 5065 corruptum:
820 5002 957 5068 wyttenb.
985 5000 1149 5074 ἀγγέλλειν,
1180 5005 1341 5062 Wlnekelm.
1369 5003 1430 5064 ἀλλ’
1457 5003 1552 5081 ἄγειν.
1587 5010 1688 5075 λωτολι

368 5079 1296 5156 μωσιλιτλτηιικλιιιιρσιιυοιτιαιυτιλουλιὰιοιιιιιστν,
1323 5087 1689 5160 mmmm

366 5162 691 5231 τιοντίτςιισπδιιλιιη.
