3574 5878
341 431 403 496 506
827 429 1030 497 -coattatlt
1052 431 1185 499 reem

342 599 375 657 et
399 589 539 678 aequatis
568 599 599 656 et
619 611 670 658 ex
698 593 915 658 communibus
937 594 1028 657 docta
1051 590 1195 657 sensibus
1217 592 1319 658 oratio
1342 590 1441 677 magia
1461 591 1614 658 deiectat:
1637 595 1670 657 ad

341 707 400 770 bus
426 707 657 791 permovendos
686 707 900 772 mutuabimur
926 725 945 768 a
966 703 1181 788 Peripateticis
1202 712 1292 789 aptos
1313 713 1345 772 et
1367 707 1399 769 in
1422 725 1548 771 ornnem
1573 705 1672 790 diepo-

340 817 491 883 tationem
515 828 642 902 peratoe
663 819 725 884 iam
748 820 845 884 iocos.
888 816 1005 882 dabunt
1027 817 1203 883 Academici
1226 822 1473 902 pugnacitatem,
1501 819 1589 882 Picto
1612 817 1672 882 aiti-

341 929 493 1005 tudinem,
516 932 694 1017 Xenophon
715 931 955 996 iucunditatem:
979 951 1019 996 ne
1030 932 1155 1017 Epicuri
1169 929 1337 1018 quidem-et
1347 931 1517 998 bietrodori
1531 934 1672 996 boneetae

319 1042 491 1127 squaedam
521 1043 766 1110 exclamationes
792 1063 972 1120 assumere,
1002 1045 1103 1130 iisque
1131 1052 1225 1129 prout
1252 1065 1303 1108 ree
1325 1044 1425 1128 poscit
1446 1043 1508 1116 nti,
1542 1043 1671 1108 alienum

342 1159 402 1222 orit
417 1157 548 1222 oratori.
593 1157 696 1241 niaque
714 1159 796 1222 enim
816 1159 988 1244 eapientem
1006 1155 1210 1222 informamus
1231 1175 1333 1242 nequo
1346 1155 1522 1222 Stoicorum
1534 1155 1557 1236 †
1570 1167 1672 1227 artem,

342 1268 397 1334 eed
420 1289 491 1334 eum
513 1271 567 1354 qui
589 1273 739 1355 quasdam
761 1277 845 1334 artes
867 1269 1007 1346 haurire,
1030 1289 1139 1334 omues
1157 1269 1256 1336 libare
1274 1269 1378 1336 debet.
1401 1268 1537 1354 ideoque
1555 1277 1589 1334 et
1605 1269 1674 1334 iuria

343 1381 443 1447 oiviiie
465 1379 624 1448 eciabtiam
647 1391 924 1448 vereresoratores
938 1381 1260 1468 comprehendebant,
1283 1391 1315 1448 et
1329 1385 1544 1468 grammatice,
1562 1384 1674 1446 musice

343 1504 375 1558 et
401 1495 592 1579 geometrica
621 1493 854 1561 imbuebantur.
899 1495 1039 1561 incidunt
1068 1496 1149 1560 enim
1178 1515 1290 1562 causae
1316 1495 1470 1582 plurimae
1493 1498 1624 1580 quidem
1643 1515 1674 1558 ac

305 1627 442 1694 eupaene
465 1627 575 1674 omues
596 1609 712 1692 quibus
733 1607 810 1675 iuris
832 1607 943 1675 notitia
966 1607 1176 1684 desideratur,
1198 1611 1368 1695 pleraeque
1390 1617 1494 1673 autom
1516 1605 1674 1693 inquibus

411 1828 437 1878 b.
459 1832 564 1891 apertae
583 1827 647 1878 ro.
673 1823 792 1892 (ιιιιιΡ.)
811 1853 842 1866 -
872 1829 898 1879 5.
917 1829 1002 1890 iieaue
1019 1827 1093 1878 ro:
1122 1829 1210 1892 bisque
1229 1828 1258 1876 a.
1281 1853 1309 1866 -
1339 1827 1456 1878 aiieuum
1479 1823 1518 1878 ιιΰ
1537 1829 1603 1884 erit.
1633 1827 1673 1880 eei

341 1894 380 1950 ιιό
399 1903 502 1960 punctu
520 1900 690 1950 eobuotetum
706 1900 736 1951 P.
749 1925 779 1936 -
799 1898 824 1948 b.
846 1897 1032 1964 {debeturque
1051 1904 1111 1948 ente
1128 1900 1293 1960 Stoicorum,
1313 1911 1364 1948 auu
1382 1913 1428 1950 uec
1446 1900 1465 1948 l·'
1481 1897 1513 1945 Ι).
1531 1923 1564 1932 -
1582 1897 1673 1948 Stoico

341 1983 403 2020 rum
420 1977 505 2020 artem
522 1969 550 2018 Ρ.
572 1969 632 2020 esu
650 1971 735 2028 Cod..
763 1971 809 2022 red
830 1971 855 2017 Ιιι
875 1981 955 2032 marg.
976 1971 1108 2020 ciuitatem
1127 1983 1205 2019 manu
1226 1969 1285 2020 See.
1305 1969 1393 2018 XVt.»
1413 1969 1521 2024 reuss.
1543 1972 1588 2028 out
1607 1969 1673 2019 dedit

343 2048 448 2090 artem:
477 2041 625 2090 Stoicorum
642 2042 773 2092 ciuitatem
794 2041 811 2090 F
830 2039 850 2088 B
870 2041 902 2090 i).
932 2041 1023 2097 (ciuem
1044 2039 1127 2090 baed.
1148 2038 1261 2102 auspic.)
1289 2065 1322 2074 -
1352 2039 1592 2104 beataemariae·
1609 2048 1672 2088 arur

342 2111 469 2166 baurim,
491 2122 578 2159 omuee
597 2113 679 2162 tibure
698 2126 728 2163 er
748 2111 859 2160 ΒιΙιΙιιιι
879 2118 905 2163 ιι
925 2109 1052 2160 Wattberi
1067 2115 1153 2165 coni..
1174 2113 1200 2159 in
1220 2124 1299 2173 quem
1318 2117 1429 2172 aterque
1447 2111 1558 2159 atterius
1577 2114 1671 2172 ignetur

343 2182 437 2232 incidit
449 2181 516 2231 flere
532 2187 559 2232 et
571 2181 613 2233 De
633 2182 763 2246 quaedam
780 2187 849 2230 artee
867 2181 961 2232 audire
979 2193 1067 2231 umaer
1086 2181 1231 2230 itterotuer
1244 2182 1263 2230 P
1277 2181 1311 2236 ι’,
1331 2183 1378 2244 qui
1395 2193 1450 2230 nou
1467 2181 1598 2243 quandum
1610 2188 1672 2230 artee

343 2253 451 2302 bannire
467 2251 514 2300 red
532 2264 618 2302 omnee
636 2253 779 2303 liberaliter
797 2253 817 2301 it
837 2253 863 2301 in
884 2260 1017 2303 coatertu.
1037 2277 1070 2285 -
1089 2252 1115 2300 e.
1135 2264 1187 2300 om.
1207 2253 1289 2301 etcttie
1308 2250 1348 2308 Ρ,
1369 2258 1435 2301 teste
1455 2250 1625 2314 boeciingto.
1646 2273 1669 2285 -

344 2327 367 2370 et
379 2323 549 2386 orammatice
566 2323 664 2372 murice
682 2331 705 2373 et
722 2323 859 2387 oeometrie
878 2320 936 2385 (etc)
956 2322 976 2371 P
994 2329 1021 2372 tn
1040 2333 1128 2371 rasura
1149 2321 1243 2380 (inerat
1262 2329 1302 2371 ter
1318 2317 1372 2378 ae),
1392 2323 1548 2384 aeumetrire
1561 2321 1671 2382 praebuit

343 2392 383 2442 F:
412 2398 436 2442 et
462 2395 637 2454 arammatica
664 2395 767 2442 murico
791 2395 933 2457 aeometria
952 2393 991 2454 B,
1024 2399 1048 2442 et
1065 2395 1249 2455 erammuticm
1277 2393 1392 2451 murice,
1422 2393 1578 2456 aeometrice
1595 2392 1625 2442 b.
1644 2415 1669 2428 -·

344 2463 387 2512 ro.
406 2462 561 2526 pierumque
578 2463 610 2514 eb
627 2463 663 2514 at.
684 2478 720 2513 m·
739 2475 871 2526 ιιιριιιιι.
891 2475 924 2514 ae
942 2463 978 2524 P,
1006 2463 1158 2529 pierumque
1171 2462 1190 2512 F
1204 2462 1235 2513 D.
1269 2462 1303 2512 Ut
1321 2475 1385 2523 noe,
1404 2461 1558 2515 Rhenanus.

344 2621 431 2688 aptae]
459 2627 515 2686 iore
540 2626 654 2687 erntteet
679 2639 721 2678 ιι.
739 2639 814 2692 ceca.
839 2628 869 2678 tre
890 2640 990 2678 omnem
1027 2627 1183 2679 edetrictum
1202 2633 1341 2691 praeperat
1358 2627 1466 2678 itcenct
1487 2639 1589 2691 genoe:
1607 2625 1670 2675 Peri-

343 2706 548 2768 dieputaticaem
570 2711 700 2766 parator:
729 2709 794 2758 utbti
812 2709 863 2760 atet
882 2707 991 2760 meutie-
1029 2711 1201 2768 aereticorum
1220 2709 1358 2770 diectpttua
1383 2708 1470 2758 iurum
1489 2713 1517 2758 et
1536 2719 1595 2758 oum
1613 2706 1670 2756 teci·

342 2793 396 2836 etue
421 2799 493 2836 error
517 2789 559 2838 eet
577 2787 654 2837 b'ern.
676 2795 800 2849 apertur,
829 2789 901 2851 quud
921 2788 990 2838 Doe-
1030 2795 1082 2839 tete
1097 2789 1210 2851 quedem
1223 2787 1357 2850 eeauabtit
1371 2787 1515 2851 protiuene.
1541 2787 1573 2836 tit
1587 2797 1668 2836 οιιιιιι

343 2865 443 2917 dertetu
471 2867 582 2928 erptteu
608 2870 776 2930 «perepicuoe
805 2875 831 2918 et
859 2869 992 2919 communi
1030 2870 1175 2920 orationem
1202 2869 1381 2932 emuittlcare,
1412 2869 1564 2919 academici
1591 2877 1667 2917 errem

342 2949 431 2998 eeneut
456 2947 696 2998 accommodatae.»
725 2971 755 2984 -
785 2945 873 3011 iocor]
901 2948 992 3009 quatre
1030 2957 1056 2998 et
1074 2951 1282 3007 contentiosam,
1312 2949 1386 2998 Picto
1405 2948 1563 3008 eubttmem,
1587 2945 1669 2996 Xeno-

343 3027 491 3078 oretortbue
518 3027 761 3077 earnmintrtrabant
790 3029 939 3078 Aristotelia
966 3033 993 3078 et
1031 3029 1100 3090 ruben
1128 3041 1235 3079 curvem
1264 3026 1375 3078 reddere
1395 3035 1549 3089 poterunt.»
1570 3050 1599 3062 -
1622 3023 1667 3074 die

344 3106 711 3170 Ciceroate'l'opueedea,
732 3109 764 3160 da
784 3108 991 3171 ouibueegeba·
1030 3109 1143 3170 trodort]
1181 3109 1231 3158 bito
1265 3112 1385 3168 princepe
1417 3106 1466 3158 iutt
1493 3107 1666 3169 discipulorum

344 3193 400 3248 tur,
421 3190 579 3250 argumentis
597 3187 777 3238 eubttiiortbue
796 3187 835 3238 vei
850 3187 993 3238 detendeo·
1032 3189 1138 3250 Epicuri
1159 3195 1186 3240 et
1199 3201 1283 3251 pocae
1302 3188 1369 3238 aiter
1386 3187 1526 3248 Epicurus.
1563 3187 1623 3248 (Cte-
1640 3185 1667 3232 dr

345 3267 377 3318 de
395 3267 436 3318 rei
455 3267 603 3319 retutauda.
625 3267 739 3332 Topica,
760 3269 929 3330 dirripiinam
953 3270 993 3318 iu·
1031 3269 1108 3318 Fron.
1121 3269 1148 3324 2,
1162 3266 1228 3328 bt).
1248 3267 1371 3318 Ceterum
1386 3267 1440 3316 Cio.
1452 3266 1549 3320 Τιιιιι.
1562 3267 1588 3323 2,
1600 3265 1623 3321 a.
1635 3263 1664 3312 t:

343 3347 531 3397 ueniendorum
557 3353 788 3410 ornamentorum,
817 3355 845 3398 ut
865 3351 919 3399 ciue
938 3351 992 3399 aito
1030 3349 1173 3410 damarum
1196 3353 1286 3396 autem
1309 3351 1332 3395 et
1350 3345 1535 3395 Metrodorum
1556 3357 1608 3394 nau
1624 3341 1668 3404 {ere

345 3439 435 3478 errore
447 3429 482 3476 ad
495 3441 551 3478 eam
568 3429 671 3478 ratione
689 3435 714 3477 et
726 3429 772 3476 uia
787 3431 991 3490 perveniremus,
1029 3431 1136 3489 praeter
1154 3438 1215 3474 euoe
1232 3428 1371 3490 quoquam
1388 3426 1417 3473 ire
1434 3437 1532 3474 emuna
1549 3426 1631 3474 sumit.
1642 3445 1666 3458 -

344 3507 378 3558 ab
396 3507 535 3558 Aristotele
551 3509 660 3561 iuuenta
678 3508 756 3559 docet
774 3507 867 3559 Cicero
882 3509 950 3569 Tou.
965 3512 991 3559 1.
1030 3503 1247 3568 curtamatiouerl
1269 3504 1416 3556 cotueracdt
1439 3505 1544 3568 eliquat
1562 3505 1668 3568 teruntur

345 3585 398 3636 Cir.
419 3585 492 3636 Oret.
514 3586 563 3646 ti,
577 3587 645 3646 ao..
666 3599 719 3649 quo
738 3602 767 3638 ιι
788 3588 845 3640 ioco
864 3591 926 3640 cette
948 3590 992 3639 de·
1032 3585 1100 3646 raud
1122 3585 1177 3635 Cic·
1197 3586 1230 3635 de
1250 3585 1327 3635 Fron.
1348 3585 1373 3635 ὓ.
1395 3581 1425 3648 5.
1444 3584 1498 3634 8⁹:
1530 3586 1575 3634 Au
1589 3596 1627 3640 ee,
1649 3581 1668 3629 ri

344 3666 461 3718 ieadttur
484 3667 543 3718 tect.
569 3673 663 3730 curce:
692 3667 843 3718 Aristotelia
866 3668 937 3718 locor
954 3693 995 3706 ··
1031 3671 1144 3719 uratur.
1174 3679 1275 3728 quam
1299 3666 1361 3714 bae
1388 3664 1509 3722 euocet
1537 3665 1667 3714 dicturam.

345 3753 438 3797 crater
453 3753 588 3808 occurret
610 3759 711 3802 omuee,
739 3755 829 3799 utetur
847 3749 917 3810 apro
940 3751 995 3798 eut·
1032 3771 1045 3782 -
1059 3773 1074 3786 -
1086 3745 1376 3809 Fortuuomeaeiouam
1390 3744 1550 3794 interuenire
1557 3743 1668 3806 rapienti.

346 3841 398 3892 aue
417 3841 522 3879 ceurae·
551 3826 662 3889 Quincti.
682 3828 734 3886 12,
755 3829 787 3884 b,
807 3828 859 3877 252
887 3828 995 3890 Peripa·
1033 3823 1061 3888 §-
1082 3825 1135 3878 ot:
1154 3825 1291 3890 Siarauir
1309 3825 1402 3884 datar,
1423 3823 1568 3879 breuia-,-
1587 3823 1671 3872 eiice-

272 3959 276 3968 ,
345 3910 418 3958 tetici
443 3908 530 3957 etudio
556 3919 658 3971 quoque
683 3919 712 3956 ee
733 3908 848 3970 quodam
875 3911 996 3958 oratoria
1032 3919 1098 3967 oue.
1120 3905 1190 3954 ieoie.
1211 3905 1313 3955 Seneca
1328 3903 1394 3965 Eoo.
1406 3902 1460 3952 θῦε
1481 3903 1610 3965 Epicureo
1626 3903 1670 3958 ait,

344 3990 459 4038 iactant.
489 3987 556 4037 Nam
574 3987 679 4038 tberer
696 3987 781 4036 dicere
798 3989 996 4038 coercitatiooie
1031 3986 1188 4048 eapientem,
1222 3986 1246 4032 ei
1273 3985 1303 4032 iu
1332 3983 1485 4032 Pbaiaridir
1512 3989 1592 4032 tauro
1622 3993 1672 4043 per·

346 4067 438 4131 aratio
455 4065 508 4127 {ere
526 4066 608 4116 eetab
624 4067 874 4115 iieiurtitutum.-
890 4079 995 4130 paona·
1032 4069 1148 4122 uratur,
1164 4061 1167 4070 '
1186 4063 1409 4112 exclamaturum:
1447 4061 1550 4112 Dulce
1577 4069 1622 4113 eet
1648 4065 1673 4108 et

346 4142 461 4208 citatem]
482 4145 537 4196 Cic.
559 4147 591 4198 de
611 4145 656 4196 Or.
678 4148 709 4204 t,
730 4145 781 4201 te,
801 4145 852 4202 tit:
872 4146 995 4196 bieem'm
1033 4143 1075 4194 od
1101 4155 1147 4192 me
1172 4142 1224 4191 aii
1257 4143 1430 4204 perriuett
1460 4140 1549 4205 Atque
1577 4141 1609 4192 ed
1635 4141 1673 4189 ber

344 4239 400 4276 moe
418 4230 476 4276 erat
490 4227 595 4286 ourrtue
606 4225 763 4276 Academiae
776 4223 915 4274 aduersari
932 4239 995 4276 eem-
1031 4223 1238 4275 erciamatiouee
1256 4221 1367 4273 torturae
1383 4223 1519 4284 pertineat
1535 4223 1594 4282 tite,
1613 4233 1674 4283 oure

258 4361 260 4364 ,
342 4319 391 4368 per
409 4305 528 4356 omuibus
546 4305 575 4354 iu
590 4305 762 4368 disputando.
782 4304 889 4364 Qutnttt.
907 4305 955 4362 ti,
968 4307 994 4363 2,
1033 4304 1162 4365 Epicurus
1173 4299 1424 4372 taeeroeebetienoi
1434 4297 1677 4370 ἀνακραιιγάσμιι·

344 4385 397 4436 252
424 4385 592 4435 Academiam
616 4383 724 4449 quidam
749 4385 918 4433 utitireimam
941 4399 995 4435 cre·
1032 4400 1079 4444 ra,
1110 4391 1162 4434 tem
1185 4396 1273 4434 emere
1298 4382 1383 4434 dertee
1403 4394 1418 4432 e
1439 4379 1674 4432 Cieomedeituui.

345 4467 428 4522 duat,
459 4465 531 4527 quad
548 4478 603 4514 mor
620 4466 649 4513 in
666 4469 925 4526 utramquepartem
942 4463 996 4512 die·
1031 4463 1310 4533 Θιωρ.2.1.ρ.71.
1342 4461 1538 4512 iidSebmtdt.
1559 4459 1611 4511 Cir.
1633 4459 1677 4507 tle·

344 4545 447 4596 terendi
464 4545 500 4594 od
518 4544 734 4594 exercitationem
750 4543 995 4604 furcaeiamcauea·
1031 4543 1107 4593 eaub.
1126 4541 1160 4592 ad
1179 4541 1257 4604 orog.
1277 4541 1364 4592 Ladrt.
1384 4542 1434 4598 no,
1453 4540 1481 4589 4.
1514 4541 1675 4603 Quamquam

344 4639 405 4675 rum
414 4625 536 4686 arcnime
548 4624 664 4674 accedat.
679 4646 713 4662 -
726 4620 880 4686 Xenophon]
900 4623 993 4684 Quint.
1032 4627 1110 4674 ettam
1130 4623 1162 4672 de
1176 4624 1227 4671 rita
1241 4620 1431 4680 Epicureorum
1454 4619 1600 4681 voluptaria
1622 4619 1676 4668 ru·

346 4706 396 4762 ro,
410 4705 422 4754 t
435 4739 442 4764 ,
455 4704 507 4752 82:
528 4703 596 4765 Quid
611 4714 805 4752 commemorem
818 4702 995 4764 Xenophontio
1032 4702 1135 4752 terebue
1161 4701 1219 4750 Non
1239 4713 1314 4761 corre
1333 4707 1385 4751 eet.
1406 4715 1433 4762 a.
1455 4700 1535 4750 1098.
1557 4701 1588 4750 B.
1608 4710 1675 4750 urar·

345 4785 419 4834 iiiam
435 4785 626 4834 iucunditatem
644 4782 839 4847 inaffectatum,
858 4783 903 4832 red
916 4797 994 4846 quam
1032 4788 1078 4843 aet
1094 4795 1118 4831 r.
1138 4778 1362 4852 ἑκκραυγάζιιν·
1391 4777 1456 4831 Ἀλλ’
1477 4775 1571 4846 ἡδέως
1587 4795 1616 4832 ee
1634 4779 1675 4841 βι-

345 4864 419 4913 uutto
439 4866 562 4927 consequi
579 4863 714 4928 offertorio
738 4862 844 4922 poerit?
872 4864 996 4925 actiacae
1030 4863 1171 4927 βιωκὲναι
1199 4861 1249 4910 erui
1276 4856 1413 4928 βρυάζειν
1441 4862 1491 4910 καὶ
1521 4858 1674 4924 καθυμνεῖν

345 4953 489 4992 eermouem
506 4944 612 5008 fiucieee
633 4939 743 4990 Gratiae
761 4940 910 4992 uideantur.
944 4943 1006 4993 To··
1032 4940 1085 4994 τὸν
1101 4937 1199 4990 αὐτῶν
1211 4939 1280 5000 βίον
1291 4935 1541 5009 ἐκκραυγάζοντες
1553 4938 1671 5005 λέγουσι.

347 5029 402 5070 tum
429 5031 516 5073 autern
544 5023 629 5072 iocum
657 5027 696 5070 sto
723 5021 843 5081 erotenut
870 5022 993 5073 Ecietetn
1033 5045 1064 5056 -
1082 5016 1350 5081 Stoicorumartem]
1378 5032 1403 5069 r·
1423 5024 1508 5068 artem
1527 5031 1590 5067 eene
1608 5028 1674 5078 orae·

346 5101 463 5166 Proteus.
484 5114 511 5165 p.
531 5103 565 5152 27
575 5115 583 5151 ι
615 5101 775 5152 etiteteottce
794 5100 941 5155 stoicorum
961 5102 994 5153 ed
1032 5108 1137 5164 ceptum
1157 5105 1184 5150 et
1203 5105 1356 5161 conantum
1376 5111 1407 5150 ιι
1425 5109 1483 5161 req.
1512 5106 1602 5158 arterr
1632 5091 1673 5146 rei
