3576 5882
597 491 714 557 einen
734 491 773 556 v.
818 489 891 577 cap.
917 493 949 556 s.
973 491 1003 556 ι.
1405 493 1468 555 sor

140 652 301 716 adsensere
323 657 416 738 sique
438 651 577 718 omnium
600 650 702 736 ignari
722 650 885 716 fortuitum
907 650 968 716 iter
989 649 1153 735 incipiunt.
1189 653 1244 716 sed
1266 651 1343 716 nihil
1368 671 1468 737 aequa

140 783 228 848 mam
256 763 361 849 inopis
387 785 487 852 aquae
515 761 673 851 fatigabat.
712 762 838 850 iamque
867 761 950 829 band
979 763 1090 848 procul
1117 763 1215 829 exitio
1250 767 1322 830 totis
1351 765 1468 848 campis

139 873 378 962 procubuerunt,
412 897 482 944 eum
512 900 589 964 grex
619 877 777 943 asinorum
806 877 973 962 agrestium
997 897 1015 941 e
1036 884 1126 963 pasin
1146 879 1180 941 in
1201 897 1313 960 rupem
1335 897 1467 942 nemore

138 1007 263 1074 opaeum
285 992 447 1056 noncessit.
470 998 594 1056 secatus
616 995 739 1080 Moyses
761 992 940 1056 coniectura
960 987 1086 1055 herbidi
1107 988 1167 1056 soli
1188 988 1289 1074 largas
1311 1009 1462 1076 aquarum

137 1121 228 1166 renas
248 1104 358 1189 aperit.
381 1103 412 1168 id
434 1103 591 1183 loramen3
618 1111 650 1169 ei
671 1105 852 1169 continuum
876 1125 932 1168 sex
953 1101 1075 1168 dierum
1095 1104 1155 1167 iter
1177 1101 1310 1178 emensi,
1333 1105 1490 1188 septimos
1536 1115 1538 1120 '

137 1213 229 1300 pulsis
257 1213 430 1282 cultoribus
458 1219 623 1282 obtinuere
650 1225 750 1282 terres
779 1219 811 1282 iu
839 1218 909 1304 quis
938 1218 1015 1281 urbs
1038 1223 1069 1280 et
1095 1213 1244 1302 templum
1275 1218 1384 1282 dicate.
1429 1214 1469 1300 (i)

136 1330 254 1412 lloyses
278 1349 339 1413 qno
362 1327 421 1394 sibi
443 1332 476 1394 in
497 1337 658 1415 posterum
679 1337 803 1413 geniem
825 1328 978 1406 firmaret,
1010 1349 1110 1394 noros
1132 1327 1209 1394 ritus
1232 1331 1470 1414 contrariosque

136 1441 244 1506 ceteris
276 1439 459 1507 mortalibus
490 1441 614 1508 indidit.
652 1441 784 1527 prolana
816 1441 879 1508 illie
912 1444 1018 1509 omnia
1045 1461 1126 1528 quae
1159 1444 1241 1528 apud
1275 1463 1332 1508 nos
1363 1463 1468 1522 saera;

135 1573 256 1618 rursum
287 1573 437 1620 concessa
466 1558 549 1642 apud
574 1555 646 1621 illos
675 1576 755 1640 quae
783 1556 874 1621 nobis
900 1553 1030 1620 incesta.
1072 1551 1208 1638 effigiem
1235 1553 1376 1621 animalis
1405 1577 1468 1640 quo

135 1673 322 1734 monstrante
344 1687 484 1732 errorem
499 1668 645 1754 sitimque
660 1667 869 1755 depulerunt,
891 1667 1042 1755 penetrali
1058 1687 1238 1743 sacravere,
1261 1687 1352 1734 caeso
1367 1669 1468 1734 ariete
1481 1689 1509 1730 ιι

135 1779 269 1845 velutin
292 1781 508 1848 contumelium
531 1785 721 1848 Hammonis.
758 1780 815 1848 bos
843 1801 970 1869 quoque
996 1779 1190 1862 immolatur,
1224 1780 1298 1867 quia
1324 1781 1469 1870 Aegyptii

133 2004 205 2068 net),
224 2009 303 2060 euius
320 2008 425 2057 numito
445 2012 497 2058 eet.
534 2007 665 2073 Uirsqns,
684 2016 714 2061 ni
733 2023 824 2073 pamm
842 2011 954 2070 Leiius,
978 2013 1073 2064 merito
1092 2013 1191 2063 reiects
1207 2010 1275 2061 isin
1293 2011 1387 2060 anrd.
1408 2011 1467 2062 Vei.

133 2078 235 2128 xlvii.
256 2081 331 2130 rese.
344 2079 371 2129 i.
395 2090 420 2140 p.
433 2078 496 2131 468.
511 2085 614 2130 tertium
634 2087 660 2130 et
679 2090 798 2143 quartem
816 2081 1000 2143 superaddidit
1019 2082 1088 2134 bend
1103 2082 1244 2134 meliores:
1265 2086 1289 2132 et
1309 2082 1409 2132 sibimet
1423 2081 1433 2100 ¹
1447 2081 1467 2132 *.

133 2149 197 2198 linei
215 2151 321 2200 coenati
337 2149 488 2214 crederent,
511 2151 617 2213 primo,
641 2153 715 2201 cuius
733 2151 836 2202 auxilio
855 2158 905 2203 cei.
926 2154 967 2204 aei
986 2155 1081 2203 etiem:
1111 2151 1180 2203 Duci
1198 2153 1301 2204 coelesti
1319 2154 1467 2206 crederent.

132 2223 200 2270 nisu
213 2224 305 2282 primo
323 2220 425 2270 nouitio
444 2226 493 2271 cet.
532 2220 584 2272 Sed
615 2223 758 2286 quidquam
779 2229 836 2284 pust
856 2238 881 2273 a.
909 2223 1009 2273 sibimet
1034 2222 1160 2277 excidisse
1180 2224 1289 2274 eredere
1309 2235 1361 2272 non
1380 2227 1471 2273 sinunt

132 2291 200 2342 bled.
228 2299 254 2341 st
274 2291 359 2342 Oresti
389 2289 472 2340 Codd.
503 2305 613 2352 omnes,
641 2296 667 2341 in
693 2293 788 2355 quibus
808 2294 907 2344 nulium
927 2306 1033 2355 prorem
1060 2297 1117 2346 eius
1136 2297 1174 2344 rei
1194 2297 1330 2358 vestigium
1349 2299 1467 2356 apparet.

133 2359 252 2413 Ceiemm
281 2375 323 2412 me
351 2362 466 2425 reliquas
491 2361 580 2413 lseobi
600 2364 798 2414 emendationes
816 2379 830 2414 ι
848 2364 943 2416 inbuto
962 2365 979 2416 Ι.
999 2365 1016 2415 Ι.
1037 2371 1214 2425 memoratus,
1243 2365 1290 2416 sed
1311 2377 1362 2414 nou
1382 2377 1470 2416 eucer-

132 2439 202 2494 ptss‚
221 2435 342 2484 nancisei
361 2445 414 2482 non
434 2435 570 2494 potuisse,
590 2437 766 2497 maximopere
786 2434 873 2488 doleo.
949 2439 954 2450 “
1317 2447 1323 2452 ·

194 2597 220 2646 1.
240 2597 300 2647 uda.
320 2597 367 2648 bia
387 2609 440 2648 uss.
462 2597 491 2646 is.
512 2621 545 2634 -
563 2597 590 2650 3.
610 2597 698 2650 Hebri
713 2603 795 2662 postu
812 2598 858 2659 ii,
879 2613 950 2660 noa.
969 2607 998 2651 nt
1016 2607 1144 2660 nerrsnt.
1162 2605 1250 2662 pusio.
1273 2625 1301 2638 -
1333 2599 1360 2650 d.
1382 2601 1467 2662 opiin-

129 2667 165 2718 ii.
183 2691 217 2704 -
233 2668 408 2740 iiqunisnalis
427 2680 487 2719 euru
506 2669 582 2732 gloss.
601 2671 698 2733 onngri
714 2669 753 2720 Μ.
773 2693 806 2707 -·
826 2670 869 2720 it.
890 2671 963 2734 quin]
982 2685 998 2734 q
1016 2683 1076 2721 eunr
1096 2672 1199 2723 duabus
1218 2671 1319 2721 lineolis
1339 2683 1469 2731 superpo·

129 2741 200 2798 sitis,
230 2752 285 2803 que
311 2742 337 2788 iu
357 2747 418 2789 notu
435 2742 497 2806 quin
515 2741 566 2794 (rel
583 2739 744 2804 quoninmi)
781 2740 862 2792 latere
891 2743 957 2794 ridit
975 2741 1115 2802 Heliseus,
1148 2751 1177 2794 ut
1197 2742 1334 2794 soluerint
1354 2745 1405 2792 iem
1425 2741 1469 2791 lii·
1529 2769 1534 2780 ·

130 2811 252 2870 ponunt:
274 2821 352 2872 quens
370 2823 431 2862 eum
448 2813 542 2864 ceteris
562 2811 630 2862 lidd.
650 2809 682 2860 ii.

130 3009 260 3064 Wsitberi
274 3017 300 3063 et
313 3011 402 3062 Baebii
416 3013 669 3076 interpretationem,
689 3009 777 3061 ducens
818 3016 902 3061 tum.»
933 3011 1121 3083 Βραχυλογὶα
1148 3018 1236 3064 sutem
1267 3014 1309 3063 bic
1339 3013 1468 3076 imprimis

128 3092 261 3142 ecsisarem
280 3093 427 3156 significare
440 3093 531 3154 solem.
545 3095 632 3146 iucem
645 3093 776 3150 diurnam,
816 3098 886 3154 epis,
916 3095 1042 3155 quonism
1078 3092 1139 3143 urbs
1168 3095 1222 3154 ipsa
1254 3107 1361 3157 quoque
1394 3105 1467 3143 sarrs

128 3171 300 3233 comprobsre
328 3172 533 3236 bassdqosquam
560 3186 683 3236 possum
712 3171 777 3221 nibli
816 3171 961 3221 bebetetur
991 3185 1004 3224 a
1032 3172 1155 3230 ludaeis;
1183 3173 1254 3234 quod
1287 3181 1373 3222 temen
1405 3185 1468 3222 num

128 3255 195 3302 enim
225 3249 345 3312 prolecto
371 3252 508 3303 obscurius
536 3255 666 3316 aimoinus
696 3253 776 3314 iurgi·
816 3251 923 3301 Tacitus
954 3253 1073 3303 consulto
1107 3253 1252 3316 significare
1280 3253 1407 3311 soluerit,
1439 3258 1469 3301 ui

127 3331 183 3381 dius
203 3331 258 3381 diei
279 3337 382 3393 poterat
408 3344 488 3394 quam
515 3334 573 3382 duo
597 3333 713 3383 eoelestia
740 3335 777 3380 sie
816 3333 863 3382 rati
882 3339 944 3382 snut
964 3333 1102 3393 nonnulli,
1129 3334 1192 3384 mihi
1212 3347 1338 3399 perquam
1358 3333 1467 3383 dubium

125 3413 195 3463 nude
209 3422 259 3472 pro
272 3411 326 3462 sole
341 3415 450 3472 positus.
474 3413 507 3462 lii
517 3425 651 3477 quonum,
667 3425 776 3476 quaeso,
816 3411 928 3463 ridetur.

124 3489 162 3536 soi
180 3491 239 3541 iilos
263 3491 361 3542 ducere
387 3491 518 3544 debebai‘i
548 3493 616 3543 sans
643 3505 776 3556 quamque
850 3493 876 3541 i.
895 3491 972 3540 nubis
992 3492 1104 3554 incesto]
1123 3494 1297 3550 rerbisausa.
1319 3495 1467 3553 patruinu-

125 3569 189 3620 eaeli
211 3570 316 3634 plagam
336 3584 436 3631 versus.
458 3587 537 3635 quam
557 3579 659 3634 petunt,
679 3573 717 3622 sol
731 3573 777 3622 iro·
816 3575 885 3635 ptiae
905 3584 963 3622 cum
984 3569 1068 3624 irsirla
1088 3575 1149 3626 illia.
1166 3575 1271 3626 Donum.
1294 3574 1389 3624 ilerum
1407 3586 1466 3624 curo

125 3649 205 3700 mines
227 3651 312 3709 duett;
333 3664 385 3702 uon
405 3655 430 3702 in
450 3655 777 3717 certemaiiquamregio·
815 3653 903 3703 colore
924 3653 1037 3715 quodem
1058 3654 1188 3705 rhetorico
1214 3655 1291 3706 latius
1319 3658 1397 3703 eiiam
1424 3665 1467 3716 pa-

124 3739 183 3780 nem
202 3728 237 3780 sb
257 3732 315 3794 ipso
339 3738 519 3783 monsterium.
542 3734 677 3796 -prima
704 3735 777 3782 euius
816 3740 863 3791 tei,
891 3738 921 3782 ut
948 3733 1027 3794 dieat,
1053 3735 1170 3798 singulos
1199 3746 1280 3797 prope
1306 3734 1465 3785 ludaeorum

123 3807 243 3874 ancilia]
272 3811 369 3873 insigni
394 3811 580 3882 βραχυλογίᾳ
606 3812 777 3875 popularibus
816 3825 900 3864 mores
920 3826 1026 3874 prorsus
1045 3818 1189 3866 contrarios
1209 3829 1265 3866 esse
1283 3815 1418 3865 liomants.
1437 3837 1464 3849 -

124 3891 449 3954 antesigniiteuiioysen
469 3893 578 3952 lore‚ut
596 3897 707 3954 primum
727 3892 777 3943 boe
815 3893 954 3953 animalis]
980 3898 1064 3953 esini,
1089 3908 1168 3957 quern
1193 3908 1208 3946 a
1235 3895 1340 3945 ludseis
1366 3894 1465 3945 coitum

123 3970 250 4019 auxilium
279 3970 396 4021 divinum
424 3981 510 4023 cetera
540 3976 645 4031 omniu.
678 3974 776 4038 quibus
815 3987 871 4025 esse
890 3973 1000 4036 gentiles
1020 3973 1094 4024 multi
1114 3975 1266 4026 eredebrnt.
1298 3975 1404 4024 tietuini
1423 3974 1466 4022 lo·

125 4056 219 4111 postea
239 4063 306 4111 opus
326 4050 441 4102 lutosum
464 4056 508 4109 sit.
530 4065 577 4116 pro
596 4061 667 4104 serio
686 4055 777 4105 subse·
814 4052 912 4115 sepbue
930 4065 953 4103 c.
974 4053 1271 4116 minueremus.
1292 4053 1414 4106 Ceterum
1433 4055 1465 4107 de

124 4135 258 4191 quantur:
280 4131 411 4193 siquidem
432 4131 487 4182 fleri
507 4140 632 4194 nequest.
663 4138 693 4183 ni
711 4132 776 4186 deae
816 4135 892 4183 buius
919 4138 1014 4184 erroris
1038 4137 1138 4198 origine
1164 4137 1224 4188 side
1254 4135 1410 4185 Breursum.
1433 4159 1463 4170 -

124 4211 264 4260 eonsilium
284 4223 359 4260 suum
379 4223 495 4274 unquam
522 4218 606 4262 mutet
629 4225 716 4276 neque
743 4216 775 4265 sd
814 4225 930 4264 morem
948 4213 1077 4280 sitimque}
1098 4215 1203 4266 Frusirs
1229 4215 1347 4265 nonnulii
1375 4217 1465 4266 brese-

123 4295 221 4340 eritum
235 4290 371 4355 perducet.
386 4315 418 4326 -
430 4289 597 4354 pepulissent]
612 4292 641 4342 ln
658 4297 776 4347 orsiione
816 4299 876 4344 roni
894 4293 987 4347 tuboe
1006 4289 1118 4366 ὑστέρῳ
1137 4297 1267 4365 προτέρῳ
1293 4298 1385 4358 utique
1414 4297 1466 4344 siu-

123 4379 193 4423 rsete
214 4369 386 4434 pepuleritis,
419 4368 534 4421 loturum
560 4379 698 4435 euscium,
729 4386 776 4437 pro
814 4375 906 4438 galeri.
944 4374 1111 4426 Verumboe
1133 4377 1215 4426 dieii:
1242 4375 1464 4427 «monstrentibos

124 4463 177 4511 qno
197 4450 319 4514 plerique
338 4462 408 4499 nano
423 4459 552 4512 ponerent
564 4453 685 4513 simplex·
707 4455 774 4505 iliud
814 4459 916 4520 onagris
936 4459 1049 4518 primum
1068 4458 1139 4506 sitim
1166 4455 1326 4516 depulerunt
1353 4456 1463 4512 ludaei,

122 4544 183 4582 rero
203 4533 331 4582 maiorem
355 4533 434 4580 ettam
460 4531 558 4595 Moysis
586 4533 710 4586 fiduciam
734 4549 776 4586 eu·
814 4536 875 4587 dein
895 4548 992 4595 psueos
1011 4541 1070 4598 psat
1090 4536 1146 4586 dies
1174 4537 1272 4585 damini
1299 4542 1384 4586 terrse
1413 4536 1466 4586 coi·

123 4613 223 4670 primii.
244 4633 276 4646 -
296 4607 573 4674 turbidissimus,
595 4615 665 4676 quod
690 4614 776 4666 berbi·
815 4623 856 4667 tae
876 4615 948 4673 teeti.
968 4615 1109 4666 aberrare
1129 4615 1229 4666 liberati
1248 4621 1336 4664 sunt.»
1361 4615 1466 4665 Utrum-

121 4691 183 4740 dom
205 4691 242 4740 ibi
261 4691 346 4740 solum
366 4697 430 4750 erat,
452 4693 595 4744 ceniieiens
614 4693 712 4745 ibidem
732 4696 777 4747 de·
814 4702 972 4758 querutum
992 4697 1120 4744 artissime
1140 4696 1223 4756 longit
1242 4700 1322 4758 etque
1342 4696 1407 4746 rdeo
1425 4699 1465 4745 in·

121 4768 183 4820 bere
205 4782 262 4820 esse
281 4769 376 4821 lenies.
399 4771 504 4820 Bonus.
528 4795 554 4806 —
577 4787 657 4824 venos
678 4771 774 4838 aperit]
814 4777 890 4826 vertit
909 4773 1025 4824 Tacitus.
1047 4799 1075 4810 -
1096 4775 1126 4822 in
1144 4773 1326 4824 contumelium
1339 4773 1465 4826 Homnae·

122 4849 218 4906 eiecit.
238 4855 266 4899 nt
289 4857 400 4911 repente
427 4858 587 4908 ssaieeni5s
614 4855 696 4904 molto
726 4859 775 4904 boc
813 4851 864 4915 nis]
884 4853 1002 4904 Fortasse
1023 4853 1073 4903 boc
1096 4850 1263 4904 reterendum
1293 4855 1325 4906 ad
1355 4859 1464 4906 srieiem

120 4929 313 4992 significantius
334 4943 411 4992 quam
427 4931 636 4994 lluettireperit.
657 4934 774 4986 {lebrac-
814 4940 839 4984 ιι
857 4938 962 4983 taurum
982 4930 1133 4984 anniculum
1153 4933 1298 4994 piaculares
1325 4941 1404 4998 atque
1430 4937 1462 4986 sd

120 5022 195 5059 orum
216 5013 304 5059 sutem
324 5009 373 5058 bae
392 5010 424 5059 de
450 5025 477 5062 re
507 5016 683 5064 narrationem
714 5013 773 5064 ride
813 5013 888 5064 binos
913 5012 968 5063 iiius
994 5012 1096 5072 hireos,
1118 5013 1229 5063 aiterum
1245 5010 1465 5080 ἅποπομπατον,

120 5087 206 5138 lluod.
229 5089 270 5139 ii.
295 5113 322 5125 -
344 5089 406 5138 urbs
425 5093 449 5140 et
467 5091 590 5153 templum
608 5088 709 5156 dunin]
727 5105 774 5156 pro
813 5095 857 5156 qni
877 5093 902 5142 lu
922 5092 1054 5144 desertum
1074 5091 1266 5154 dimittebatur,
1287 5094 1397 5146 alterum
1418 5097 1465 5144 lm-

119 5167 239 5232 rulgari:
268 5167 349 5218 aurbs
369 5169 474 5222 condite
501 5176 528 5222 ιι
552 5172 679 5234 templum
704 5172 773 5224 dics·
812 5171 975 5234 molendum,
995 5171 1028 5223 de
1046 5172 1143 5239 quibua
1161 5171 1285 5225 omnibus
1311 5172 1357 5225 sir.
1387 5173 1463 5227 Levi·
