3574 5878
534 455 735 523 otsnoetts
765 457 839 544 Cap.
863 459 913 524 13.
940 459 991 524 ll.
1049 533 1054 546 ,
1368 461 1430 527 tot

107 623 206 704 potus
232 613 358 684 defendi
380 615 527 692 decebat,
558 619 723 686 audentior
744 624 776 684 et
795 625 960 706 poetarum
991 637 1085 704 qnam
1112 623 1272 686 oratorum
1299 618 1433 686 similior

108 732 212 798 orstio.

182 845 233 911 lle
253 864 349 922 vero,
371 846 488 934 inquit,
510 853 542 912 et
556 865 662 912 sermo
683 847 752 930 ipse
774 843 894 912 infinita
912 847 1073 933 voluptate
1087 842 1262 924 affecisset,
1286 855 1382 932 atque
1400 846 1434 914 itl

107 958 201 1044 ipsum
222 955 372 1042 delectat,
401 957 487 1044 quod
509 979 584 1035 sos,
607 957 669 1026 riri
690 961 803 1044 optimi
825 967 857 1026 et
877 967 1055 1046 temporum
1077 966 1257 1027 nostrorum
1280 967 1432 1039 oratores,

107 1093 164 1138 non
185 1071 362 1140 forensibus
376 1080 497 1139 tantum
512 1071 647 1157 negotiis
667 1081 699 1138 et
712 1069 937 1140 declamatorio
958 1075 1063 1140 studio
1077 1071 1205 1156 ingenia
1225 1083 1330 1140 vestra
1344 1095 1456 1140 exer-s

106 1187 191 1264 cetis,
213 1183 269 1252 scd
290 1187 445 1253 eiusmodi
467 1185 562 1252 etiam
585 1185 813 1272 disputationes
834 1185 1007 1262 assumitis,
1031 1205 1112 1274 qnae
1128 1193 1159 1252 et
1172 1187 1334 1271 ingenium
1348 1187 1435 1255 alunt

107 1306 136 1364 et
148 1299 331 1366 eruditionis
346 1320 383 1364 ac
397 1301 573 1366 litterarum
589 1296 849 1366 iucundissimum
872 1295 1138 1364 oblectamentum
1158 1320 1229 1368 cum
1248 1300 1357 1380 vobis,
1381 1303 1435 1389 qui

107 1412 155 1478 illa
184 1415 365 1498 disputetis,
396 1415 549 1489 afferunt,
581 1419 648 1478 tum
678 1411 773 1478 etiam
800 1413 839 1478 iis
868 1414 907 1480 od
935 1431 1071 1498 quorum
1097 1433 1190 1479 aures
1216 1415 1432 1500 pervenerint.

107 1524 205 1612 itaque
226 1524 331 1593 hercle
352 1546 417 1592 non
438 1525 543 1592 minus
562 1525 692 1613 probari
706 1528 800 1591 video
814 1524 846 1590 in
863 1534 910 1600 te,
935 1528 1092 1602 Secunde,
1116 1528 1201 1612 quod
1221 1525 1292 1592 Iulii
1307 1527 1437 1594 Asiatici

105 1641 193 1704 vitam
223 1638 442 1724 componendo
472 1659 560 1726 spem
589 1638 770 1705 hominibus
799 1637 901 1703 iecisti
930 1638 1066 1725 plurium
1087 1640 1243 1706 eiusmodi
1265 1639 1474 1718 librorum‚m

106 1771 191 1837 quam
205 1754 238 1818 in
252 1756 358 1837 Apro,
382 1749 468 1840 quod
482 1753 621 1818 nondum
635 1749 675 1816 sb
690 1751 883 1818 scholasticis
897 1752 1123 1819 controversiis
1138 1755 1267 1820 recessit
1286 1761 1318 1820 et
1337 1754 1437 1822 otium

105 1885 188 1932 suum
202 1865 323 1934 mavult
336 1886 491 1933 novorum
507 1867 672 1932 rhetorum
686 1885 776 1950 more
790 1885 884 1952 qoam
900 1872 1044 1932 veterum
1058 1874 1220 1942 oratorum
1233 1849 1434 1934 comunem.

182 1977 242 2064 (15)
266 1982 346 2046 Tum
372 1981 478 2064 Aper,
513 1982 584 2044 Non
611 1977 747 2063 desinis,
774 1980 926 2056 Messala,
960 1987 1069 2046 vetere
1096 1987 1218 2047 tautum
1247 1989 1280 2046 st
1309 1982 1438 2068 mtiqm

165 2191 191 2241 t.
212 2190 300 2243 Habet
318 2203 376 2242 com
392 2196 454 2243 ante
472 2190 558 2256 eolo,
577 2195 703 2241 omissum
716 2191 750 2238 tn
769 2187 799 2237 F.
821 2213 849 2226 ·-
871 2188 897 2239 8.
914 2190 969 2240 isto
988 2190 1021 2240 ab
1039 2189 1074 2262 al.
1093 2202 1130 2241 m.
1150 2202 1283 2253 supernos.
1301 2191 1350 2243 illo
1368 2196 1395 2244 et
1410 2205 1436 2245 s.

103 2261 152 2310 isto
170 2266 274 2325 punctis
294 2263 437 2314 subnotato
454 2262 486 2312 P.
508 2284 541 2298 -
571 2259 686 2325 esserunt
705 2272 838 2321 superscr.
857 2257 904 2319 rii,
932 2259 979 2310 sed
998 2263 1102 2321 nunctis
1120 2261 1263 2314 subnotato
1282 2262 1313 2316 Ρ.
1335 2286 1366 2299 -
1396 2262 1436 2314 tus

104 2330 176 2384 Troes
194 2342 286 2386 contre
303 2333 335 2386 Ρ.
365 2359 394 2372 -
422 2333 449 2383 e.
468 2332 551 2384 noio
567 2332 607 2382 Ps
631 2330 743 2382 Hercule
761 2330 827 2380 no.
849 2351 880 2364 -
907 2329 1025 2382 Secunde
1042 2345 1174 2396 supertes.
1195 2347 1210 2384 ο
1228 2333 1257 2383 Ρ.
1280 2357 1309 2372 ·-
1339 2334 1383 2385 11.
1404 2333 1438 2385 ul

103 2401 139 2454 1³:
167 2419 184 2455 a
209 2406 230 2455 Β
252 2403 286 2457 Ι).
312 2429 346 2440 -
374 2404 418 2456 12.
447 2402 661 2456 consuetodmers
684 2400 833 2453 subnotstls
857 2400 951 2454 litteris
975 2404 1037 2456 stou
1059 2403 1090 2454 Ρ.
1122 2429 1156 2440 --
1186 2402 1229 2455 13.
1254 2403 1370 2458 motato
1394 2419 1439 2458 su·

104 2483 195 2534 nemer.
215 2490 232 2528 o
256 2476 288 2526 P.

101 2657 193 2722 impetu
207 2671 322 2722 norem,
352 2657 398 2710 obt
416 2661 441 2710 et
459 2659 610 2717 tmnsertto,
630 2659 680 2709 ntst
701 2657 748 2708 lsl·
785 2663 839 2718 est,
868 2656 1016 2708 luntcrlbns
1040 2659 1101 2709 nost
1127 2658 1239 2711 rhetorts
1258 2673 1331 2712 more
1351 2661 1438 2714 decta·

102 2736 153 2798 los.
179 2738 381 2793 coutrsLtbsos
399 2737 514 2789 deletum
534 2737 599 2790 solt.
630 2737 748 2789 Doedsr-
784 2735 881 2786 mando
916 2737 1042 2800 prodesse
1069 2737 1187 2790 studet.»
1232 2738 1292 2792 ttott
1321 2740 1437 2792 obllslsel

102 2817 151 2869 leta
177 2821 254 2872 sliest
284 2817 359 2870 Suet.
387 2815 480 2871 etrus.
501 2817 552 2866 21:
585 2823 698 2880 utroque
724 2825 747 2867 st
784 2816 922 2877 unctores,
942 2818 1438 2883 eloquenttsspsaeeeptores,canses

102 2897 180 2961 rofino
197 2913 229 2951 oe
247 2899 344 2965 lionso.
373 2924 401 2936 -
434 2903 581 2959 temporum
597 2901 748 2948 nostrorum
785 2894 902 2948 lossuses
922 2909 974 2948 uon
992 2900 1149 2958 suscepisse.
1181 2898 1257 2950 l'stet
1273 2907 1362 2952 sutsns
1382 2901 1438 2953 lun·

101 2976 228 3044 cretosus]
243 2977 747 3040 aserenonostltcohoenomlnesltgnt
786 2977 842 3028 (lert
870 2975 978 3038 qatdem
1007 2978 1034 3026 tn
1059 2978 1132 3038 Apro
1165 2979 1251 3032 stnslts
1279 2981 1322 3032 ttla
1354 2995 1437 3047 prope

101 3068 130 3108 sc
141 3061 346 3120 orammnttores
357 3058 551 3110 esustdtrcrum
569 3054 674 3109 turbs.»
693 3056 746 3108 Cis.
785 3055 957 3116 seliolssttcs,
977 3063 1109 3120 qnatenus
1123 3057 1256 3111 ltberrtmo
1270 3065 1341 3121 otto,
1357 3067 1437 3114 tmmo

101 3135 130 3188 C.
147 3139 173 3188 1.
195 3161 225 3175 -
259 3137 447 3190 domnotom
464 3132 567 3199 stolio]
586 3136 658 3188 laiss
676 3137 749 3186 seno·
771 3135 922 3195 normae.
942 3143 972 3186 ut
984 3138 1027 3188 sttt
1042 3138 1161 3203 nlertqae
1175 3137 1292 3202 lactant,
1313 3154 1365 3192 nou
1378 3155 1437 3194 sess

101 3215 198 3269 lostieis
215 3218 417 3275 controuersiis,
437 3229 507 3282 quae
526 3230 565 3269 rr.
582 3232 612 3269 es
630 3217 748 3269 Senecae
786 3217 880 3274 dedam
917 3221 986 3268 tecte
1015 3224 1103 3270 tamen
1131 3219 1257 3283 prestent
1285 3233 1392 3284 operam
1422 3234 1438 3272 n

100 3300 177 3360 nstris
202 3311 256 3352 usn
285 3297 410 3362 exollesrt
429 3297 547 3357 debent.
577 3310 747 3362 nequaquam
786 3294 912 3347 Secundo
932 3298 959 3347 ln
978 3297 1086 3349 nststtct
1106 3303 1159 3350 stta
1178 3298 1336 3352 elslsorsnds
1356 3302 1438 3354 collo·

100 3377 409 3430 sescenisnummis
429 3377 651 3442 nepotationibus
679 3375 749 3441 (stds
786 3383 880 3429 estem.
918 3375 1091 3430 Lenisstsnasn
1118 3385 1226 3443 sutem,
1255 3393 1344 3445 neque
1375 3396 1437 3435 sero

102 3457 178 3510 nolo
200 3460 295 3524 snprs)
321 3459 390 3510 etrse
416 3459 502 3522 poesis
530 3465 556 3510 et
582 3458 749 3522 eloquenttse
787 3460 930 3515 rusticum,
949 3469 1018 3518 onae
1032 3458 1071 3509 lits
1085 3459 1170 3520 tuest.
1190 3462 1351 3522 trrtstouem,
1364 3461 1438 3526 Acer

99 3545 248 3600 certamen,
268 3537 411 3602 dequibus
426 3551 451 3588 s.
465 3540 661 3590 controversias
674 3550 750 3588 usus·
786 3537 856 3588 litteo
883 3535 1021 3588 Messslsns
1045 3539 1191 3592 incusando
1215 3554 1231 3592 n
1253 3555 1282 3594 se
1301 3555 1436 3596 removere

99 3621 153 3678 sert
180 3632 235 3670 uon
265 3623 378 3682 poterat.
422 3617 553 3678 snarttsn.
583 3618 666 3669 fluor.
696 3616 748 3669 tos
787 3618 885 3668 studet.
906 3617 996 3669 sensit
1014 3620 1093 3669 ettam
1111 3623 1278 3673 santissimos
1298 3622 1436 3675 Bornoul:

97 3699 292 3750 controuersias
303 3697 471 3749 dsclomooit.
490 3697 583 3760 Quint.
598 3699 642 3758 lli,
657 3698 683 3758 5,
698 3697 749 3746 lis
788 3697 848 3747 son
865 3710 898 3747 ne
912 3703 977 3761 peut
993 3695 1172 3751 sns'connoitrs
1183 3701 1251 3752 duos
1263 3707 1328 3755 cette
1340 3702 1439 3767 perun

98 3775 311 3830 Declomotionss
327 3790 407 3834 osso,
428 3777 518 3841 sermm
533 3779 562 3828 in
580 3778 676 3828 sciolis
694 3778 750 3826 rite·
787 3789 839 3828 ons
855 3777 986 3827 intention
1003 3774 1158 3840 liudrsmsnt
1174 3782 1311 3845 ironicos.
1339 3785 1384 3846 qui
1400 3789 1439 3834 est

98 3865 185 3910 torum
201 3859 343 3914 dicuntur,
362 3858 387 3908 ss'
403 3857 751 3909 medoodomitotsmsont
788 3855 883 3910 renuis
912 3869 966 3922 por
997 3856 1067 3919 Aper
1092 3873 1130 3909 oo
1159 3869 1373 3912 commemorarent
1403 3862 1439 3914 do

98 3937 314 3990 osccnmooosou
332 3942 357 3987 st
374 3938 539 3988 messentius
555 3937 670 3992 similes.
696 3949 751 3986 non
787 3936 905 4000 cionitas
921 3937 1057 3986 solvont.»
1077 3933 1268 4000 (Boeleslstatt
1288 3940 1438 4002 exultestto·

99 4015 213 4083 tontum,
231 4019 297 4070 dom
313 4017 437 4068 monent
451 4016 600 4080 proserius,
619 4021 683 4068 sont
699 4017 751 4065 oti·
787 4028 850 4067 nens
873 4015 998 4079 equtten
1023 4017 1130 4068 mtnlme
1155 4018 1289 4084 tutelltgo:
1322 4019 1440 4073 slttluct·

98 4097 226 4155 liesisnoe.
255 4123 267 4136 ·
284 4123 297 4136 ·
313 4097 359 4148 ssd
385 4099 464 4149 atium
491 4110 550 4148 eom
568 4103 606 4148 sst
632 4110 749 4148 coruom-
789 4097 847 4146 ‹ttns
866 4098 1012 4158 sertostsset
1028 4109 1075 4146 nse
1092 4099 1193 4159 osium,
1213 4106 1259 4149 aut
1276 4098 1367 4150 ssltem
1380 4100 1438 4152 esls

97 4184 184 4230 motos
201 4183 228 4230 st
246 4176 421 4241 fossurus.
443 4175 750 4229 Stectesrotsmsenss
789 4188 862 4228 nunc
886 4189 941 4226 non
971 4176 1024 4226 huc
1051 4176 1224 4239 repetendum
1252 4192 1283 4231 es
1309 4180 1437 4230 nonnum.

99 4257 458 4313 deetsmttsrssotebsteum
471 4256 749 4309 lltrttoetltolebetls.
789 4257 856 4309 Vide
884 4254 914 4306 c.
935 4256 978 4306 1'1.
1007 4263 1075 4307 sats.
1104 4257 1229 4320 attonem
1257 4263 1287 4310 nt
1307 4262 1438 4312 senteutts

98 4341 131 4394 etl
148 4341 224 4392 Fens-
244 4338 280 4401 9,
299 4337 349 4398 tit,
368 4337 395 4388 ’1.
412 4363 447 4373 -
476 4336 540 4388 lolii
557 4335 678 4402 Asiatici]
698 4352 753 4389 me·
789 4343 922 4388 eoustsset
937 4335 1016 4388 serbe
1035 4348 1166 4386 nouorum
1183 4337 1316 4389 sistorum
1335 4344 1441 4391 etosts-
1520 4377 1526 4390 .

99 4423 193 4473 mermi
224 4419 295 4470 lltst.
322 4419 355 4477 ὓ,
381 4417 426 4468 til.
446 4438 479 4454 -
509 4417 663 4478 assumitis]
682 4417 751 4468 Auta
789 4429 849 4468 rom
876 4419 1014 4466 erutorum
1041 4416 1235 4477 transponenda
1261 4419 1330 4470 tuter
1352 4433 1381 4470 se
1400 4418 1439 4469 to·

98 4499 247 4552 Itsonktunr
266 4511 297 4551 ss
315 4495 452 4549 Puteolsnt
472 4497 675 4558 tnteepctsttons
690 4496 752 4550 ede·
789 4501 857 4549 rent.
875 4519 913 4532 -·
934 4495 1002 4546 Vero
1021 4497 1109 4546 saturo
1128 4495 1347 4560 laudatiorem,
1368 4497 1439 4562 quod

100 4578 164 4631 bant
180 4577 340 4642 sammitis.
378 4575 608 4628 Cinnutontnum
625 4576 699 4628 Pium
719 4576 752 4627 sd
790 4573 999 4639 nhtlosoplrsudo
1019 4579 1045 4625 et
1063 4575 1223 4637 sltsoutsndo
1241 4581 1329 4636 ponus
1349 4584 1378 4626 nt
1396 4592 1442 4630 se·

98 4657 263 4711 Frontonem
282 4670 310 4722 p.
330 4655 391 4707 18².
410 4655 461 4706 lid.
481 4655 558 4707 Rom.
578 4655 675 4706 ime
701 4657 753 4708 litu
790 4666 859 4708 teres
878 4659 995 4706 oratores
1015 4665 1095 4718 quun
1114 4652 1286 4706 declamando
1304 4657 1375 4710 alere
1401 4661 1440 4710 tn·

96 4737 318 4801 perscrutante
342 4741 403 4787 tous
420 4737 493 4787 siren
515 4735 661 4787 Faustinos
682 4749 753 4788 meus
791 4738 897 4798 gentum
917 4733 1005 4786 seton
1039 4734 1138 4786 Vernus
1157 4747 1245 4786 nonne
1264 4744 1355 4798 sosste
1374 4738 1440 4790 haec

98 4817 228 4869 tenorem
245 4816 397 4881 unctissims
414 4828 432 4865 o
451 4821 476 4866 te
492 4821 629 4878 ossontnto
647 4821 699 4868 est.
721 4840 750 4854 -
791 4817 860 4866 tuter
875 4827 903 4866 se
922 4819 1087 4878 sumersate
1107 4811 1133 4876 1)
1152 4814 1322 4866 «nondum
1339 4829 1357 4866 o
1369 4819 1441 4868 seno·

99 4902 125 4948 st
139 4893 235 4961 otium]
256 4897 314 4948 llos
332 4895 471 4948 mantlesto
490 4895 573 4946 dtetts
593 4895 682 4959 «Aper
700 4895 753 4947 lan·
790 4895 892 4946 lostiets
909 4895 1014 4946 recessit
1024 4907 1051 4942 :s
1078 4890 1105 4956 s)
1124 4906 1203 4945 «nes
1221 4895 1305 4945 otium
1322 4920 1333 4934 ·
1350 4921 1362 4934 ·
1380 4911 1442 4950 eon-

100 4976 162 5029 detu
182 4979 302 5029 uteretur
320 4976 398 5037 ideo.
428 4975 501 5039 qnod
519 4975 585 5024 fletis
604 4981 753 5028 coutrosar·
790 4971 988 5038 sumerem·
1004 4981 1215 5038 conmestsrom
1227 4978 1374 5038 oratorum]
1393 4983 1440 5043 qut

98 5060 145 5109 stts
166 5055 359 5120 psstmetsndts
382 5054 470 5108 suune
495 5056 752 5119 lenesmontem,
791 5054 909 5108 turenses
937 5053 1072 5104 dumtsmt
1098 5063 1189 5104 canses
1216 5051 1347 5118 agennum
1380 5070 1440 5111 uam

101 5137 149 5190 nnt
179 5138 251 5190 serts
278 5139 364 5192 esusts
391 5133 500 5204 suendis
527 5137 672 5197 securitas
699 5147 753 5188 non
792 5134 864 5204 quest
883 5133 975 5188 etcum
1002 5131 1036 5185 is
1052 5144 1083 5188 se
1099 5140 1207 5198 noras,
1238 5133 1265 5188 ti
1283 5147 1332 5202 per
1354 5139 1441 5196 torum

151 5229 258 5287 Turius
276 5231 309 5286 ll.
1129 5231 1169 5300 31
