3576 5882
407 541 409 544 ,
494 465 615 532 nmen
635 466 690 536 tv.
734 465 809 552 up.
831 464 884 534 ea.
908 467 960 534 ee.
984 469 1035 535 er.
1056 469 1111 538 os.
1405 481 1466 547 ers

132 617 343 690 lerocisaimus
365 643 384 689 e
404 623 515 710 legatis
534 625 569 692 iu
596 625 680 694 lunc
705 629 835 694 modum
856 628 1005 714 protulit:
1043 629 1182 698 credisse
1209 651 1266 700 vos
1294 638 1327 701 in
1353 655 1468 723 corpus

132 755 307 823 nomenque
331 739 535 816 Germaniae,
558 737 776 808 communibus
798 739 866 807 deis
879 751 912 808 et
924 743 1095 831 praecipuo
1110 749 1244 814 deorum
1257 752 1350 818 ilarii
1365 763 1469 840 grates

131 847 267 934 agimus;
305 851 460 936 vobisque
493 852 685 937 gratulamur
718 857 803 939 quod
835 853 961 921 taudem
993 855 1085 924 liberi
1113 858 1195 927 inter
1219 862 1340 931 liberos
1368 867 1467 936 eritis.

130 983 200 1028 uam
221 961 262 1029 ad
284 962 369 1030 hunc
390 966 473 1032 diem
494 965 622 1032 ltumina
642 987 680 1032 ac
700 975 802 1034 terras
817 976 849 1034 et
862 968 983 1036 eaelum
1005 973 1238 1056 quodammodo
1258 976 1362 1064 ipsum
1385 981 1469 1050 clau·

130 1085 232 1142 serant
252 1079 405 1155 Romani,
432 1087 468 1144 ut
488 1079 655 1167 conloquia
675 1099 925 1167 congressusque
945 1091 1071 1151 nostros
1092 1098 1255 1167 arcerent,
1285 1092 1353 1170 vel,
1383 1099 1490 1181 quode

130 1189 384 1258 contumeliosius
406 1200 452 1260 est
473 1193 550 1258 viris
570 1191 611 1258 ad
632 1187 718 1260 ar'ma
739 1196 836 1272 natis,
859 1197 996 1263 inermes
1009 1218 1047 1264 ac
1061 1218 1161 1287 prope
1175 1205 1250 1270 uudi
1266 1203 1325 1271 sub
1340 1209 1470 1276 custode

130 1310 159 1369 et
178 1302 285 1388 pretio
306 1309 475 1372 coiremus.
512 1309 569 1372 sed
590 1314 627 1372 ut
646 1305 783 1374 amicitia
810 1310 1005 1396 societasque
1034 1319 1140 1380 nostra
1162 1313 1194 1380 in
1216 1325 1379 1387 aeternum
1401 1332 1469 1391 rata

129 1414 181 1492 sit,
204 1419 403 1501 postulamus
424 1439 443 1484 a
465 1418 572 1496 volu,
595 1439 704 1486 muros
724 1418 881 1514 coloniae,
903 1423 1097 1491 munimenta
1118 1429 1256 1508 servitii,
1281 1430 1469 1505 detrahatis:

130 1528 221 1594 etiam
241 1528 313 1596 fera
334 1531 496 1609 animalia,
530 1531 558 1598 si
584 1532 690 1599 clausa
717 1542 840 1610 teneas,
876 1534 1001 1604 virtutis
1029 1538 1274 1625 obliviscuntur-3
1311 1551 1469 1618 Romanos

129 1662 236 1710 omues
258 1644 295 1710 in
315 1641 430 1712 finibus
452 1645 565 1712 vostris
586 1646 874 1714 trucideiisshaud
895 1649 988 1718 lacile
1007 1649 1137 1721 liberius
1152 1664 1184 1725 et
1198 1654 1317 1725 domiui
1338 1663 1506 1733 misem-ss
1566 1713 1573 1722 -

129 1763 189 1822 tur.
226 1753 314 1822 bona
334 1756 572 1826 interfectorum
592 1760 626 1824 in
648 1761 787 1826 medium
807 1764 934 1838 cedant,
965 1785 1006 1830 ne
1034 1768 1104 1850 quis
1131 1770 1277 1838 occulere
1302 1778 1471 1864 quicquam

129 1877 181 1936 ant
199 1889 379 1956 segregare
394 1891 519 1938 causam
541 1891 629 1939 suam
651 1873 761 1959 possit.
784 1873 878 1940 liceat
898 1878 991 1942 uobis
1009 1879 1162 1966 vobisque
1181 1891 1349 1974 utramque
1368 1892 1471 1980 ripam

128 1981 252 2060 colere,
277 1991 314 2050 ut
334 1984 411 2051 olim
432 1982 605 2052 maioribus
626 1985 754 2052 nostris.
777 1993 938 2074 quomodo
953 1992 1055 2084 lucem
1077 1992 1225 2081 diemque
1247 1999 1392 2070 omnibus
1413 2005 1472 2072 ho·

128 2095 284 2174 minibus,
306 2099 351 2164 iia
370 2117 481 2164 omues
501 2106 603 2164 terras
623 2096 758 2166 sortibus
779 2100 856 2167 sirie
876 2110 988 2170 natura
1009 2109 1144 2189 aperuit.
1177 2111 1318 2180 instituta
1340 2115 1472 2184 cultum·

128 2229 189 2294 quo
209 2209 350 2294 patrium
365 2212 529 2287 resumite,
550 2211 691 2298 abruptis
705 2214 937 2300 voluptatibus,
960 2219 1075 2303 quihus
1088 2225 1221 2289 llomani
1235 2229 1305 2312 plns
1320 2231 1472 2298 adversus
1482 2257 1509 2300 ss

128 2321 293 2389 subiectos
316 2344 409 2408 quam
431 2323 525 2389 armis
546 2324 661 2392 valent.
690 2328 831 2393 sincerus
854 2335 885 2394 ct
904 2330 1029 2414 integer
1049 2341 1079 2400 et
1100 2337 1257 2404 servitutis
1279 2341 1395 2408 oblitus
1415 2364 1473 2431 po-

127 2435 220 2523 pulus
249 2443 307 2502 aut
333 2457 373 2502 ex
401 2457 501 2524 aequo
530 2437 630 2522 agetis
656 2445 711 2505 aut
738 2439 807 2506 aliis
833 2441 1086 2525 impositionis.»
1131 2449 1201 2531 (65)
1226 2453 1473 2542 Agrippinenses

127 2557 256 2637 sumpto
280 2549 477 2616 consultandi
498 2550 619 2638 spatio,
642 2555 768 2639 quando
789 2573 892 2640 neque
913 2553 1020 2624 subire
1042 2562 1242 2631 condiciones
1257 2576 1360 2635 metus
1374 2568 1472 2638 loturi

127 2682 232 2750 neque
257 2664 364 2748 palam
385 2665 547 2748 aspernari
567 2663 711 2731 condicio
728 2686 879 2750 praesens
892 2669 1030 2748 duchat,
1053 2674 1086 2738 in
1100 2677 1184 2742 hunc
1197 2683 1326 2746 modum
1341 2703 1474 2771 respou-

127 2772 220 2842 deut:
250 2796 351 2863 oquae
365 2775 469 2863 prima
487 2774 639 2842 libertatis
661 2775 789 2845 facultas
808 2777 879 2846 daia
900 2790 964 2859 est,
987 2786 1109 2854 avidius
1130 2809 1224 2873 quarn
1247 2793 1368 2861 cautius
1389 2809 1513 2868 sum-²⁰

127 2891 270 2974 primus,
291 2897 328 2954 ut
344 2887 433 2955 voltis
450 2891 626 2977 ceterisque
645 2892 821 2968 Germanis,
845 2894 1085 2979 consangnineis
1100 2901 1233 2980 nostris,
1256 2904 1470 2990 iungeremur.

129 3023 242 3070 muros
265 3001 417 3080 ciuitatis,
446 3001 709 3089 congregantibus
729 3024 763 3070 se
785 3025 857 3070 cum
877 3006 1012 3074 maxime
1030 3011 1243 3080 Romanorum
1261 3021 1472 3103 exercitibus,

128 3135 249 3202 augere
269 3114 361 3182 nobis
375 3136 469 3202 quam
490 3116 617 3182 diruere
631 3117 728 3182 tutius
745 3125 803 3183 esi.
827 3117 922 3203 siqui
941 3142 981 3186 ex
1001 3123 1091 3188 ltalia
1109 3133 1164 3190 aut
1178 3131 1350 3211 provinciis
1365 3133 1474 3202 alieni-

130 3249 232 3315 genae
258 3225 424 3294 infinibus
446 3231 562 3295 uostris
579 3231 721 3306 inerant,
745 3250 801 3296 eos
818 3228 935 3298 bellmn
955 3228 1146 3316 absumpsit,
1172 3235 1221 3303 vel
1241 3238 1275 3305 in
1296 3261 1368 3310 suas
1389 3247 1475 3335 quis·

195 3417 226 3472 d.
246 3419 313 3472 liter
332 3422 358 3470 tn
379 3433 469 3473 sersus
487 3421 540 3474 tine
560 3421 600 3473 ti.
625 3445 653 3458 -
683 3421 710 3474 d.
738 3416 812 3474 serso
828 3423 877 3475 uit.
898 3421 948 3474 ιιιι.
976 3425 1012 3475 ιιι
1040 3432 1163 3489 exarata,
1191 3437 1221 3480 ut
1237 3432 1367 3498 significet
1386 3442 1476 3501 potius

128 3503 173 3542 cm
192 3505 279 3555 quam
297 3505 337 3542 us.
356 3491 415 3543 lloc
434 3498 522 3543 tamen
539 3497 650 3546 serrari·
670 3517 701 3530 ·-
732 3493 759 3543 5.
779 3493 847 3544 corsi.
866 3493 914 3546 lla
937 3494 997 3546 coit.
1018 3494 1049 3544 li.
1070 3520 1101 3533 -
1131 3498 1158 3548 ’1.
1175 3497 1234 3564 pito
1251 3504 1290 3557 li.
1311 3531 1343 3543 -
1373 3508 1400 3559 8.
1421 3513 1476 3565 star

127 3561 167 3671 ξι..
182 3561 314 3686 1114.Ἒὲ
329 3561 394 3686 ἒς.
414 3561 476 3629 dgr.
496 3561 566 3626 spir.
587 3588 617 3602 -
645 3562 673 3614 9.
691 3575 759 3615 uero
776 3559 815 3617 tt.
841 3588 871 3602 -
903 3563 947 3616 iu.
965 3569 1098 3632 aaronque
1116 3568 1154 3622 lt.
1176 3597 1206 3610 -
1235 3574 1276 3626 ιι.
1293 3576 1418 3634 instituti
1435 3583 1474 3638 it.
1537 3581 1545 3604 ‘

129 3789 164 3840 uir
192 3789 264 3854 ipsis
293 3784 465 3852 (sueonibus)
493 3789 635 3852 urorpit,
672 3803 691 3840 o
713 3787 788 3839 eolis
826 3788 900 3842 miles
918 3790 1064 3854 Romanus,
1082 3805 1116 3845 ns
1134 3797 1198 3859 quid
1218 3800 1311 3856 hostile
1335 3807 1474 3864 auderent.

129 3870 372 3920 reinsumatur.
387 3867 587 3920 Cinwattzli.
604 3867 788 3934 Versoasuups·
826 3894 858 3907 -
878 3875 903 3920 st
918 3869 1015 3936 pretio]
1037 3873 1094 3925 tice
1113 3888 1166 3939 quo
1185 3885 1333 3946 pertineat,
1360 3896 1434 3950 patet
1461 3906 1475 3944 e

128 3949 283 4016 gsseideitts
300 3949 321 3998 ι.
342 3963 370 4013 p.
389 3948 433 3998 di.
452 3973 486 3984 -
502 3947 647 4012 praecipuo
669 3948 787 4010 deorum,
826 3951 999 4013 responsione
1026 3953 1275 4016 agrippinensium:
1310 3966 1427 4034 Vectigal
1451 3977 1477 4025 ei

129 4027 232 4093 iderti}
253 4028 381 4079 Grimmio
393 4026 555 4092 dipticiogie
570 4028 619 4078 lid.
634 4027 669 4076 ll.
685 4043 710 4090 p.
725 4027 787 4078 sie.
826 4042 907 4081 onere
925 4035 1138 4084 commerciorum
1157 4032 1236 4100 (quae
1255 4050 1331 4096 erant
1348 4049 1417 4100 inter
1435 4064 1476 4102 re·

130 4115 174 4162 ast
191 4108 243 4158 lio
263 4112 348 4172 postus
371 4120 450 4170 quam
482 4105 606 4157 Wuotou.
636 4107 689 4159 Cir.
715 4108 788 4170 apud
826 4109 898 4161 ditus
918 4111 1048 4176 coioniae)
1067 4116 1221 4170 rescivimus
1228 4136 1238 4182 ,·
1268 4125 1321 4174 siut
1345 4130 1477 4179 transitus

131 4189 257 4240 eundem
278 4202 304 4250 p.
325 4188 369 4241 eo.
389 4187 500 4249 Procop.
522 4185 787 4246 debellationem
826 4192 1002 4244 incustoditis.
1025 4221 1054 4233 -
1083 4209 1172 4248 muros
1191 4224 1201 4236 ·
1219 4226 1230 4238 ·
1251 4203 1407 4272 decretatis]
1428 4224 1476 4273 pro

131 4270 178 4320 15.
200 4269 237 4320 de
255 4267 368 4319 Tituittte
381 4271 435 4319 stre
449 4266 639 4318 Scandinarts:
662 4262 788 4339 τὸνἍρη
825 4271 924 4335 vulgari
942 4285 1033 4324 muros
1050 4273 1176 4328 diruatis.
1198 4307 1227 4318 -
1247 4282 1329 4334 iuesm
1347 4288 1477 4356 diemque}

130 4347 208 4401 nerlu
226 4346 381 4412 νομιζουσι
398 4349 540 4414 μέγιστον
563 4341 648 4398 ciuus.
674 4369 707 4382 ·-
732 4360 790 4398 cue·
826 4345 860 4401 ἓν
877 4349 926 4402 dcci
943 4351 1036 4413 δυοῖν,
1056 4359 1131 4406 cutus
1156 4358 1218 4411 odio
1245 4363 1339 4416 ductus
1365 4371 1478 4433 scriptor

132 4429 191 4479 ιυιι
209 4454 220 4468 -
239 4451 252 4464 -
268 4423 433 4491 clamarunt]
457 4426 559 4477 scilieet
576 4426 714 4477 altitudine
733 4439 790 4477 mu·
828 4428 894 4480 cod.
906 4429 1023 4483 Vaticani
1042 4433 1122 4486 iucem
1139 4445 1299 4505 uestemque,
1321 4458 1374 4507 que
1387 4465 1477 4522 παρα.

133 4519 228 4560 rorum
254 4505 444 4568 vellerumque·
468 4505 589 4557 Fenser-
610 4529 643 4542 -
667 4503 789 4570 inermes]
826 4506 1008 4580 διορθώματι
1037 4513 1142 4576 decepit
1169 4520 1263 4581 ipsum.
1289 4525 1416 4588 lipsium.
1446 4553 1475 4566 -

132 4589 206 4640 liam
225 4585 349 4636 Germani
368 4585 435 4635 stiltii
460 4597 544 4650 ecque
566 4584 686 4648 puliieue
709 4597 791 4649 usquc
827 4587 949 4651 oirupiia
974 4589 1171 4660 ueiuptotiius]
1204 4601 1274 4652 illico
1302 4611 1328 4654 et
1352 4607 1393 4659 vel
1417 4621 1478 4660 cum

130 4669 264 4732 priuatus
280 4667 320 4717 rai
336 4666 390 4714 rsiai
406 4666 508 4716 ormuit
524 4669 620 4728 egunt.
636 4662 725 4716 Germ.
745 4665 789 4716 ιιι.
828 4667 951 4718 rtoieutta
969 4675 1076 4721 rametis
1089 4681 1168 4737 atque
1182 4685 1325 4744 exstinctis,
1341 4694 1370 4736 ut
1382 4687 1409 4746 2,
1422 4687 1476 4741 5³2

134 4748 184 4800 Sic
211 4749 268 4809 ipse
296 4745 404 4796 memini
431 4748 492 4795 aute
523 4745 571 4797 isos
599 4746 789 4808 quinquaginta
828 4744 950 4810 streptis
965 4749 1037 4800 oiim
1048 4751 1244 4822 iinudimeutis,
1258 4759 1291 4813 de
1305 4764 1409 4819 Othone
1423 4781 1478 4820 mo.

135 4838 224 4880 annos
242 4829 353 4876 rusticos
377 4823 549 4884 loricamur,
577 4837 690 4888 quorum
718 4831 792 4887 pater
828 4829 919 4876 rituro.
943 4849 973 4862 -
992 4829 1085 4891 quilius
1102 4831 1225 4901 liomuui]
1250 4840 1321 4894 inter
1345 4845 1477 4900 Romanas

133 4920 218 4960 meus
235 4903 383 4969 praelectus
401 4901 564 4967 (Louducpti
588 4910 658 4965 erat,
687 4917 792 4968 semper
829 4912 896 4956 artes
914 4904 964 4956 iuti
981 4909 1014 4959 ad
1033 4909 1151 4966 homines
1170 4918 1197 4968 in
1224 4922 1335 4984 imperto
1358 4932 1478 4982 retinen·

135 4987 234 5056 gladiis
251 4987 382 5038 accinctos
401 4971 428 5034 in
446 4988 563 5037 sicerum
580 4995 690 5036 snorum
712 4987 792 5036 comt·
829 4985 875 5036 dos
902 4986 1004 5041 mollire
1030 4992 1100 5043 sires
1130 5007 1220 5048 eorum
1248 5008 1277 5053 et
1300 5017 1348 5066 per
1371 5007 1478 5064 datter..

135 5071 177 5120 its
196 5068 287 5120 rantra
305 5063 432 5116 Kalendis
448 5065 535 5117 listis.
555 5089 589 5101 -
611 5064 658 5114 auli
677 5060 790 5128 uutods]
829 5076 1008 5131 amoenosque
1026 5069 1173 5135 voluptates
1197 5077 1328 5145 iraugere.
1348 5066 1409 5153 lgr.
1432 5091 1476 5142 dt.

136 5147 173 5200 ιι
201 5145 331 5200 adesim
357 5146 438 5209 igitar
464 5142 622 5198 intrantibus
645 5143 792 5200 addrtmm
829 5145 905 5198 Ltrs·
925 5169 958 5186 ··-
977 5159 1011 5200 su
1026 5152 1121 5216 seque]
1145 5150 1204 5210 cirri
1233 5160 1290 5216 rosi
1312 5159 1397 5230 icoo,
1425 5173 1479 5226 «tta
