3582 5880
511 453 715 526 EXCURSUS
737 455 779 524 11.
802 459 858 524 Ill.
881 458 936 527 tv.
959 460 997 527 V.
1018 457 1073 526 vl.
1401 463 1464 528 aaa

127 633 169 690 per
195 617 419 688 intercipere
442 631 522 684 wne,
552 619 609 674 und
634 618 767 676 renuere
786 616 974 694 tliaedeutunq
998 619 1083 676 diem
1111 617 1227 679 renna
1254 635 1317 676 auen
1341 617 1465 678 lutiam

128 706 170 761 det
191 701 360 759 Histoe-iletre
379 700 479 760 dolose
496 703 611 774 geqeten
629 704 742 760 indm?

200 787 302 846 Cetera
322 788 437 858 omnia,
458 803 523 844 cum
543 788 602 845 sint
620 805 712 863 aequa
730 789 841 848 luceria
860 793 946 864 alque
967 790 1164 850 tantummodo
1178 790 1355 864 opinabilia,
1375 791 1465 850 silen-

130 873 167 931 tio
184 873 413 948 praetermittere
431 873 522 933 salins
541 875 687 934 duximus.
1100 889 1104 894 ·

508 1140 713 1208 EXCURSUS
735 1143 774 1206 V.
810 1144 864 1206 Al)
889 1141 974 1208 clu.
997 1143 1086 1206 XIX.

127 1265 173 1329 Ex
194 1263 228 1328 S.
252 1263 455 1330 uouluaon
475 1264 616 1350 Epistola
637 1263 765 1328 Lxxn.
788 1263 826 1328 ad
849 1265 1110 1330 ETHleLDUll
1131 1284 1241 1350 regem
1262 1269 1464 1335 lderciorum.

288 1355 347 1424 ud.
371 1361 597 1426 Wiiuurwaan.
641 1357 831 1444 Magontiaci
851 1359 1137 1425 Mucctxxxlx.
1162 1381 1194 1447 p.
1221 1364 1292 1427 191.

202 1494 267 1552 Non
286 1492 381 1550 solnm
400 1506 418 1548 a
438 1489 610 1548 Christianis
633 1491 687 1548 sed
711 1492 799 1548 etiam
825 1491 861 1549 ab
889 1493 959 1565 ipsis
981 1493 1102 1565 paganis
1122 1493 1344 1568 adulterinmin
1364 1511 1468 1570 oppro-

128 1579 219 1636 lsn'um
250 1583 280 1635 at
305 1577 511 1634 verecundiam
537 1578 709 1650 deputatur,
739 1577 806 1649 quia
834 1578 890 1650 ipsi
915 1579 1021 1651 pagani
1048 1593 1148 1636 verum
1168 1579 1253 1638 deum
1278 1581 1466 1656 ignorantes,

128 1665 316 1734 naturaliter,
349 1679 423 1739 quae
443 1663 516 1733 legis
535 1666 620 1734 eunt,
654 1666 683 1720 et
701 1663 777 1733 quod
797 1663 834 1720 ab
854 1663 936 1720 initio
960 1665 1031 1722 deus
1057 1666 1225 1736 constituit,
1239 1737 1242 1742 ἣ
1255 1668 1420 1724 custodiunt
1437 1667 1468 1728 in

128 1749 181 1807 hae
199 1766 251 1808 re:
285 1751 353 1823 quia
381 1749 505 1822 propriis
534 1747 671 1806 uxoribus
701 1749 874 1810 matrimonii
903 1750 1021 1808 foedera
1049 1753 1200 1810 servantes
1226 1752 1414 1810 fornicatores
1440 1759 1470 1812 et

129 1835 274 1892 adulteros
293 1834 426 1908 puniunt.
465 1835 538 1892 Nam
557 1834 588 1890 in
607 1833 725 1907 antiqua
745 1833 871 1890 Saxonia
885 1833 928 1908 ¹),
950 1835 975 1892 si
995 1836 1075 1907 rirgn
1095 1841 1246 1908 paternum
1266 1838 1384 1896 domum
1403 1856 1469 1900 cum
1491 1839 1492 1842 ’

129 1921 269 1978 adulterio
288 1920 498 1991 maculaverit,
526 1919 682 1993 aliquando
709 1922 814 1990 coguut
838 1935 904 1978 eam
928 1923 1045 1994 propria
1070 1937 1157 1979 manu
1176 1938 1230 1994 per
1249 1923 1385 1997 laqueum
1404 1943 1469 1985 sus-

127 2021 249 2078 pensam
275 2005 364 2064 vitam
389 2007 473 2064 linire
492 2009 522 2063 et
541 2021 628 2078 anper
654 2004 769 2062 bustum
795 2006 874 2062 illiue
892 2006 1032 2065 incensae
1051 2012 1081 2064 et
1100 2014 1301 2067 concrematae
1315 2018 1471 2086 ¹corrupto-

128 2109 187 2150 rem
207 2093 273 2150 eiue
290 2094 489 2166 suspendunt:
511 2085 683 2164 aliquando,
705 2096 876 2162 congregato
896 2093 1023 2150 exercitu
1044 2094 1188 2160 inminen,
1210 2096 1384 2166 flagellatam
1405 2115 1469 2159 naua

127 2180 265 2238 mulieres
293 2194 347 2251 per
374 2194 464 2252 pagos
493 2178 716 2251 circumquaque
746 2177 871 2248 ducunt,
905 2178 992 2249 virgis
1021 2180 1179 2238 caedentes
1203 2185 1233 2238 et
1251 2183 1423 2243 vestimenta
1442 2187 1470 2242 ei

129 2265 334 2324 abscindentes
358 2264 440 2321 iuxta
464 2264 627 2334 cingulum,
660 2268 690 2320 et
718 2263 843 2320 cultellis
868 2263 929 2322 suia
954 2266 1044 2321 totum
1070 2281 1174 2338 corpus
1199 2267 1262 2323 eius
1288 2273 1422 2328 secantes
1441 2275 1472 2330 ct

128 2354 312 2426 pungentes,
351 2350 469 2407 minutis
489 2349 657 2408 vulneribus
686 2351 865 2406 cruentatam
896 2353 925 2406 at
954 2350 1109 2429 laceratam
1138 2353 1175 2408 de
1204 2351 1275 2418 villa
1305 2356 1340 2412 ad
1371 2359 1471 2416 uillam

127 2438 263 2508 mittunt,
296 2439 326 2494 et
354 2438 507 2492 occurrunt
531 2451 646 2507 semper
672 2450 765 2492 novae
791 2436 1013 2507 flagellatrices,
1046 2437 1111 2494 zelo
1136 2439 1291 2510 pudicitiae
1317 2443 1469 2517 adductae,

129 2523 292 2597 usquedum
320 2535 385 2578 cam
414 2525 463 2577 ant
488 2525 630 2578 mortuam
649 2523 697 2577 ant
716 2521 765 2577 vix
784 2522 880 2579 vivam
901 2523 1123 2594 derelinquunt,
1158 2529 1188 2581 nt
1205 2530 1320 2584 ceterae
1340 2530 1472 2590 timorem

129 2607 311 2666 adulterandi
332 2611 362 2664 et
381 2607 544 2664 luxuriandi
566 2607 713 2673 habeant;
743 2609 772 2662 st
791 2607 927 2678 Winedi,
948 2610 1025 2682 qnod
1046 2611 1090 2666 esi
1110 2610 1308 2670 foedissimum
1327 2618 1356 2672 et
1375 2618 1473 2674 deter-

128 2695 234 2752 rimum
247 2693 344 2766 'genus
364 2693 533 2762 hominum,
566 2692 624 2748 lam
643 2708 748 2762 magno
767 2693 831 2748 zelo
850 2694 1024 2750 matrimonii
1046 2709 1173 2752 amorem
1192 2702 1323 2757 mutuum
1344 2707 1472 2772 cenant,

129 2784 159 2837 ul
178 2781 305 2852 mulier,
326 2781 388 2838 viru
407 2779 523 2852 proprio
543 2782 675 2849 mortno,
697 2778 795 2835 rivere
814 2782 947 2846 recusel;
967 2782 996 2836 et
1015 2781 1171 2837 laudabilis
1191 2783 1296 2840 mulier
1314 2785 1388 2843 inter
1407 2787 1473 2846 illas

129 2883 194 2924 esse
215 2867 379 2937 iudicatur,
402 2880 476 2938 qnae
494 2863 611 2938 propria
629 2878 717 2921 manu
737 2863 792 2920 sibi
811 2867 932 2922 mortem
951 2864 1065 2936 intulit,
1092 2868 1122 2922 ut
1140 2865 1170 2922 iu
1191 2883 1248 2926 una
1267 2871 1347 2927 strue
1366 2873 1475 2944 pariter

128 2955 233 3012 ardeat
251 2969 317 3010 cum
336 2951 399 3013 viro
418 2967 481 3009 suo.

693 3083 915 3100 ἠ

512 3195 717 3264 excussus
738 3198 791 3261 va.
830 3198 883 3261 no
908 3197 993 3264 cna.
1016 3197 1113 3282 ama.

207 3315 283 3374 Cum
302 3311 443 3385 imprimis
469 3310 594 3368 ditdcitie
613 3312 699 3383 atque
718 3309 855 3367 obscurus
874 3310 912 3366 ait
929 3311 977 3368 hic
996 3313 1077 3368 inens
1098 3312 1134 3370 de
1154 3309 1232 3368 Boiis
1252 3314 1345 3385 pulsis
1361 3329 1379 3372 a
1398 3315 1475 3376 liar·

132 3402 283 3471 comanis,
305 3400 533 3459 cousentaneum
551 3396 676 3454 indicari
694 3396 825 3454 inserere
845 3397 882 3452 de
901 3411 936 3454 so
949 3396 1060 3454 Zeuseii
1078 3401 1110 3456 nt
1133 3395 1233 3456 Ulurti
1253 3399 1473 3471 disputationes.

209 3503 473 3566 Marcomanni.
513 3500 661 3559 luminii
689 3502 736 3557 der
757 3503 884 3556 desuem
911 3499 1103 3574 Holenrnqee,
1123 3503 1182 3558 ‘im
1201 3501 1307 3560 1111111-
1331 3509 1389 3564 nna
1409 3507 1477 3564 Epa.

130 3595 296 3662 oierinnde,
327 3592 419 3648 lsntten
437 3591 506 3645 eimt
524 3587 648 3644 keitiecte
670 3585 766 3644 Vtiliter
788 3587 922 3658 granolet.
962 3584 1010 3644 dle
1031 3585 1132 3644 Caeam
1152 3603 1191 3644 nu
1214 3589 1266 3645 deu
1288 3589 1376 3648 Ritein
1400 3595 1474 3659 ines.

130 3683 210 3737 idm
229 3696 259 3736 er
277 3693 331 3734 voa
350 3677 436 3733 dmm
454 3675 639 3746 angelmerus,
663 3671 723 3728 120
742 3673 952 3744 qenqrnplieete
964 3670 1066 3730 dieiieet
1086 3674 1297 3746 nueqedelseten,
1321 3680 1478 3736 maneries·

130 3769 224 3825 heresa
238 3762 408 3822 (demetenda
424 3762 473 3816 der
495 3756 648 3817 dmncnen
670 3761 725 3828 uus
741 3758 828 3815 dieser
849 3756 939 3815 Seite.-
968 3758 1085 3831 publice
1107 3760 1263 3818 maximam
1286 3765 1389 3833 putant
1411 3779 1477 3821 men

130 3854 271 3923 laudem,
292 3864 377 3922 quam
390 3847 529 3904 latissime
544 3844 633 3902 asnis
653 3842 759 3901 finibus
772 3859 876 3902 vacare
895 3857 1000 3913 agros:
1022 3844 1076 3900 hae
1096 3859 1128 3902 re
1148 3845 1320 3918 significari,
1340 3863 1478 3920 magnum

130 3953 289 3997 nnmerum
320 3935 476 3992 civitatium
500 3947 583 3988 enam
607 3931 665 3987 rim
693 3929 836 3986 sustinere
860 3943 918 3987 non
941 3945 1038 4003 posse.
1088 3930 1190 4004 ltaque
1212 3947 1270 3989 nna
1293 3948 1330 3990 ex
1355 3937 1478 4005 partca

132 4024 242 4084 Suavis
266 4021 381 4079 circiter
405 4019 485 4076 milla
504 4031 642 4090 passuum
664 4013 725 4074 DC.
750 4015 811 4086 agri
833 4029 936 4072 vacare
958 4016 1103 4074 dicuntur.
1150 4017 1195 4074 Ad
1220 4020 1342 4075 alteram
1366 4021 1476 4090 partem

130 4109 297 4169 succedunt
317 4103 394 4164 Ubii.
423 4103 457 4164 11.
482 4101 558 4160 Gall.
584 4101 622 4171 t,
645 4101 674 4158 3.
719 4100 760 4158 lia
781 4101 861 4156 hant
886 4102 961 4156 tetre
979 4100 1117 4159 Heluetiae
1138 4105 1197 4160 end
1219 4102 1306 4176 Bojen
1333 4105 1410 4160 metr
1439 4105 1479 4160 im

131 4197 249 4255 Norden
267 4195 315 4250 der
330 4192 449 4260 Denuo,
469 4206 523 4245 nur
534 4188 642 4246 Volcae
656 4188 830 4256 Tectosages
851 4187 894 4243 nu
906 4185 1061 4244 dnwntnee
1079 4191 1125 4245 dee
1144 4189 1341 4261 ierignieeten
1357 4189 1477 4247 Wnldee.

131 4283 188 4342 Die
201 4278 357 4339 Gerannneu
370 4277 498 4349 tedmpteis
515 4277 564 4330 mit
584 4274 636 4329 den
647 4272 804 4330 Heioetiern
817 4289 864 4328 nm
877 4269 1046 4341 Oderrteim
1067 4274 1194 4332 Helvetii
1214 4276 1397 4332 continentur
1421 4289 1479 4334 una

133 4385 172 4426 ex
191 4368 276 4440 parte
297 4362 415 4420 llnmtne
434 4361 555 4431 Rheno,
576 4360 624 4433 qni
647 4373 748 4429 agrum
760 4356 927 4416 Helvetium
948 4358 1131 4417 aGnrnaanis
1150 4361 1264 4420 dividit.
1284 4361 1318 4418 B.
1340 4359 1375 4418 G.
1393 4360 1428 4432 1,
1448 4361 1478 4418 2.
1515 4430 1516 4442 χ

133 4451 269 4513 Helvetii
287 4451 347 4506 tere
367 4447 540 4521 quotidianis
560 4445 680 4519 proeliis
693 4460 759 4502 cnm
774 4442 926 4501 Germanis
939 4446 1135 4515 contendunt,
1157 4463 1223 4503 cum
1236 4451 1286 4503 aut
1297 4446 1357 4503 suis
1372 4445 1480 4504 dnibne

135 4557 189 4598 eos
214 4535 368 4609 prohibent
391 4539 440 4592 ant
459 4533 515 4606 ipsi
540 4533 571 4589 in
592 4546 692 4589 eornm
715 4528 822 4586 linibus
845 4531 953 4588 bellum
977 4533 1090 4600 gerunt.
1113 4529 1148 4603 1,
1171 4531 1198 4588 1.
1237 4529 1316 4589 Nocte
1338 4533 1387 4588 der
1411 4531 1481 4588 dne-

135 4629 266 4696 deteaunp
278 4625 324 4680 dee
337 4636 447 4694 ganemu
461 4617 653 4683 Greneinndet,
675 4617 724 4672 der
735 4613 770 4675 11
774 4631 815 4672 or
824 4631 864 4672 cn
881 4618 912 4671 in
925 4615 995 4672 ulter
1008 4613 1137 4687 &recle
1158 4618 1231 4673 enea
1245 4615 1357 4673 Cneenre
1369 4616 1482 4691 Anguis

135 4717 275 4779 armaten,
295 4709 347 4764 scie
366 4707 411 4763 die
430 4705 582 4770 Heluetier,
605 4701 676 4760 nucis
697 4704 741 4758 die
760 4701 845 4773 anen
862 4703 998 4774 getniclteo
1017 4705 1084 4759 rein.
1123 4702 1176 4760 Die
1197 4703 1396 4761 Marcomanni
1419 4707 1482 4762 eisd

136 4801 184 4855 dte
207 4799 239 4852 in
258 4795 348 4850 diem
362 4789 502 4865 dependes
523 4791 702 4862 ldmpsendm
716 4785 878 4853 demam,
902 4803 953 4844 ster
971 4787 1160 4861 Feminitunq
1178 4790 1226 4844 der
1241 4791 1362 4860 [remica
1384 4789 1481 4850 Voltur

137 4881 304 4956 ousqeeteilt.
326 4879 399 4951 (Wie
417 4880 476 4936 laica·
493 4891 575 4949 geqett
594 4877 638 4931 die
651 4874 761 4940 Kelten,
782 4875 841 4946 gidt
853 4890 880 4930 ee
892 4873 962 4929 uoci
981 4875 1012 4929 in
1024 4878 1135 4945 epdtem
1146 4873 1238 4931 Zeiten
1250 4875 1479 4942 Uortumnum,

138 4968 360 5034 mmmmm,
396 4962 662 5033 drmwntteidiqer
682 4975 765 5034 peges
786 4959 830 5016 die
855 4958 973 5018 Wendeu
993 4960 1051 5017 und
1071 4958 1189 5018 anen:
1223 4965 1362 5022 vocantur
1385 4967 1482 5022 autom

141 5093 369 5116 ,.,..........

216 5148 243 5218 t)
260 5149 376 5217 Antiqua
392 5145 516 5206 ammio
533 5145 678 5212 opponitur
694 5141 806 5209 tnqttne
823 5139 967 5199 docontes.
