3574 5878
519 445 615 514 vrri
636 443 864 512 nuetconttt
896 443 972 531 Cap.
995 443 1047 510 36.
1068 444 1121 508 tt.
1427 437 1492 514 lli

147 613 252 674 stante
281 603 375 672 simul
402 625 555 693 equorum
585 603 770 691 corporibus
797 603 1051 690 impellerentur3
1083 623 1119 670 ec
1147 621 1241 688 saepo
1269 599 1340 686 regi
1361 618 1491 668 currus.

147 721 293 786 exterriti
320 720 389 786 eine
416 716 592 784 rectoribtu
612 717 706 806 equi,
737 727 772 785 ai
793 739 950 806 quemque
972 717 1110 786 formido
1136 715 1492 791 interammensem

146 839 203 898 eut
231 830 343 898 obvios
372 834 585 899 incursnbaat.
633 831 694 912 (37)
725 839 757 897 et
786 830 942 906 Britanni,
974 833 1027 916 qui
1058 831 1162 896 adhuc
1190 847 1313 917 pugnae
1345 832 1492 912 expertes

146 965 271 1012 somma
307 945 435 1012 collium
469 947 648 1011 insederant
677 953 709 1009 et
735 943 924 1028 paucitatem
951 952 1134 1011 nostrorum
1164 945 1255 1008 vacui
1284 941 1490 1024 spernebant,

146 1059 280 1144 demedi
308 1058 458 1144 paulatim
484 1065 516 1124 et
543 1058 709 1124 circumire
733 1065 821 1142 terga
844 1055 1035 1124 vincentium
1057 1064 1246 1143 coeperant,
1279 1053 1313 1119 ni
1334 1051 1367 1119 id
1389 1052 1516 1138 ipsumt

148 1173 271 1238 ueritus
290 1171 436 1257 Agricola
458 1177 610 1258 quattuor
631 1169 772 1255 equitum
794 1169 874 1252 alas,
905 1169 945 1237 etl
966 1168 1068 1237 subita
1091 1169 1167 1236 belii
1188 1173 1342 1240 retentas,
1365 1163 1494 1232 venien·

147 1283 234 1350 tibus
254 1283 474 1372 opposuisset,
499 1291 682 1370 quantoque
704 1285 842 1351 iorocius
864 1291 1119 1358 accucurrerunt,
1153 1290 1238 1348 tanto
1260 1279 1363 1348 acrius
1384 1280 1493 1366 pulsos

145 1395 181 1462 in
208 1397 314 1482 iugum
338 1397 520 1464 disiecieset.
565 1396 608 1462 ite
629 1397 794 1464 consilinm
815 1399 1038 1464 Britannorum
1059 1397 1093 1462 in
1115 1395 1203 1480 ipsos
1225 1414 1369 1468 versum,
1392 1399 1494 1458 mune

147 1518 320 1596 romaeque
347 1519 516 1598 praecepto
546 1509 633 1577 ducis
659 1531 679 1575 a
707 1513 812 1576 fronte
842 1511 1046 1596 pugnantium
1077 1511 1146 1575 aiae
1180 1525 1328 1574 aversum
1351 1504 1492 1573 hostium

145 1621 246 1688 eciem
268 1625 423 1691 invasere.
469 1633 535 1689 tum
557 1645 632 1688 uere
654 1625 834 1709 petentibus
855 1622 933 1690 locis
954 1625 1073 1708 grande
1096 1631 1128 1689 et
1149 1621 1531 1707 consummacionem·

146 1735 238 1822 sequi
253 1735 418 1802 vulnerum
433 1757 564 1823 capere,
588 1743 681 1822 etque
696 1733 826 1834 qpedem
843 1734 958 1802 oblatis
972 1734 1042 1802 aliis
1057 1735 1224 1802 trucidare.
1261 1735 1322 1800 iam
1342 1731 1490 1808 hosfium,
1515 1735 1548 1824 ir

147 1857 246 1934 prout
265 1851 378 1936 cuique
399 1849 562 1934 ingenium
583 1859 670 1924 erat,
693 1857 838 1916 cateruae
860 1855 1052 1916 armatorum
1074 1849 1275 1936 paucioribus
1297 1854 1383 1932 terga
1401 1865 1493 1932 prse-

146 1970 250 2040 etare,
273 1965 402 2050 quidam
422 1963 563 2030 inermes
584 1962 669 2030 ultro
691 1981 784 2028 suere
808 1983 844 2028 uc
865 1982 900 2028 so
922 1964 1018 2028 mccii
1040 1960 1168 2028 oli'crrn.
1214 1963 1329 2048 passim
1351 1978 1437 2024 erma
1461 1964 1496 2022 et

146 2093 286 2162 corpora
315 2085 347 2142 et
374 2077 470 2144 leceri
498 2085 585 2142 artus
615 2087 646 2142 et
667 2083 797 2142 cruenta
819 2073 949 2153 humum
972 2083 1004 2140 et
1024 2074 1193 2160 aliquando
1217 2075 1311 2140 ctiam
1334 2073 1425 2137 viciis
1447 2069 1494 2138 ire

146 2183 323 2275 ‘virtusque
351 2198 518 2278 postquam
532 2191 619 2256 silvis
634 2187 987 2276 appropinquaverunt,
1010 2187 1132 2254 collecti
1144 2187 1266 2272 primos
1280 2184 1494 2273 coquentium,
1505 2204 1532 2247 rs

147 2301 293 2368 incautos
315 2309 347 2368 et
368 2304 510 2370 locorum
532 2302 675 2388 ignaros,
699 2299 1000 2368 circumveniebant.
1045 2299 1165 2388 quodni
1197 2298 1347 2388 frequens
1375 2297 1495 2384 ubique

220 2475 248 2526 l.
266 2488 397 2526 remmam
413 2477 453 2537 Γ,
474 2483 540 2528 teste
559 2476 700 2534 iirotertc,
719 2476 815 2528 silente
835 2475 962 2540 iiquiort
983 2495 1014 2510 -
1035 2475 1063 2526 ’1.
1083 2479 1290 2524 accucurrerunt
1308 2473 1333 2524 Γ
1340 2485 1348 2522 t
1374 2483 1500 2523 occurre*

146 2553 214 2597 runt
232 2546 263 2596 B.
285 2546 324 2597 iis
342 2546 365 2599 A
383 2559 437 2598 acu
455 2551 518 2597 eatis
537 2555 650 2600 constet.
672 2573 700 2586 ··
722 2547 766 2598 ts.
785 2549 1071 2611 appropinquaverunt
1087 2545 1126 2598 Γι
1156 2545 1409 2610 appropinquarunt
1426 2541 1494 2594 An.

146 2641 183 2653 -
200 2629 281 2680 appr.
301 2611 339 2668 ut
357 2615 407 2679 (sic
426 2617 449 2668 A
459 2653 467 2676 ,
485 2621 557 2668 ntem
573 2619 614 2675 Γ.
633 2623 700 2671 teste
718 2615 860 2681 licenter.)
883 2619 984 2680 primos
1007 2617 1170 2682 eequmttcm
1195 2616 1319 2667 incestos
1343 2615 1443 2666 eolieett
1470 2619 1496 2666 et

146 2689 268 2739 iocorum
287 2690 379 2753 iqncrt
397 2683 459 2752 (eie)
478 2688 543 2740 ΓΔ.
565 2687 600 2740 Ut
616 2701 684 2750 nne,
703 2687 876 2740 Puteoienus.

147 2815 245 2867 nortae
264 2819 462 2877 proposcerunt
478 2819 647 2879 nostrerum,
669 2816 805 2867 iirneuius
843 2827 870 2878 p.
884 2814 946 2866 255.
967 2812 1079 2866 eoiieeti.
1107 2813 1185 2866 Heni
1198 2815 1261 2864 setis
1273 2817 1394 2864 recusate
1405 2809 1497 2864 (iram-

146 2893 316 2954 eoiorttsm5
340 2902 483 2958 utrumque
502 2895 608 2946 mustra.
627 2917 661 2932 -··
678 2903 807 2960 equestres
842 2896 932 2946 matini
951 2894 1071 2946 noanuitt
1095 2896 1125 2944 sti
1150 2897 1188 2945 rie
1206 2899 1363 2956 usurpatam
1386 2904 1433 2955 pro
1451 2889 1497 2943 ted

148 2972 217 3039 cem]
237 2974 458 3028 Conlecturnrum
476 2976 509 3026 de
526 2975 666 3038 desperato
685 2977 806 3028 nociaco
843 2977 906 3037 poni
925 2974 1084 3026 docuerunt.
1121 2973 1154 3025 V.
1180 2974 1258 3025 liand
1282 2973 1362 3024 Ture.
1389 2971 1436 3022 lv.
1467 2983 1494 3034 p.

150 3055 804 3120 teutgaamnnneramrtuestsepcturentium,
844 3055 904 3107 195.
925 3075 957 3092 ·-
977 3060 1032 3104 ium
1048 3049 1122 3118 osso]
1143 3053 1291 3113 ilireitiiis,
1321 3060 1352 3103 ut
1370 3055 1421 3104 iem
1440 3055 1497 3103 ani·

149 3135 198 3200 qui
228 3136 360 3194 petienter
384 3149 475 3188 omnes
504 3137 681 3198 enumeravit;
714 3148 806 3188 rernm
831 3135 984 3208 'matisertit
1001 3134 1122 3195 Lipsius,
1144 3134 1284 3188 intercedit
1299 3132 1446 3184 similitudo
1458 3135 1496 3183 in·

149 3217 230 3268 etiem
266 3213 426 3268 licinienem
468 3216 587 3266 Latinam
624 3227 681 3268 esee
715 3229 804 3280 cepoe
843 3215 1089 3266 inchoationum
1118 3221 1144 3266 et
1168 3213 1221 3266 Sei.
1247 3215 1306 3278 loq.
1331 3215 1398 3264 iilic
1433 3213 1498 3264 ium

150 3307 199 3355 pra
223 3301 296 3346 eertc
324 3299 394 3348 enirn
417 3302 479 3346 tunc
497 3293 621 3346 eristunte
639 3296 727 3349 Teetti
752 3309 806 3347 non
842 3295 1018 3358 mauseolum
1035 3294 1200 3346 lcsrils'leln
1216 3292 1495 3358 semptspetsntttas:

149 3380 199 3426 est.
238 3375 331 3426 Latina
362 3376 454 3428 saitem
473 3375 622 3426 Rittertana
642 3389 700 3426 essm
727 3389 807 3441 aspre
841 3378 914 3440 esqnt
931 3373 1037 3442 suane,
1057 3377 1142 3427 accidi
1159 3377 1235 3439 eopt,·
1259 3375 1319 3440 equi
1343 3378 1423 3438 utque
1444 3374 1497 3424 otri

147 3455 178 3504 tn
206 3455 300 3505 neellel
327 3461 429 3505 etentes
454 3463 481 3506 et
503 3455 598 3507 idonee
629 3457 806 3520 interpretum
842 3457 962 3523 nuptui,
982 3468 1015 3506 oc
1032 3455 1270 3507 multionlnerlitse
1285 3454 1397 3516 eseeptts
1413 3466 1497 3519 neque

149 3535 228 3591 usui,
266 3546 316 3584 nee
353 3542 440 3587 temen
472 3547 668 3599 usquequaque
710 3539 804 3600 protre-
841 3537 930 3600 {tmere
946 3547 1023 3599 porse
1039 3548 1120 3599 neque
1133 3537 1323 3599 quietsmpeti,
1342 3535 1494 3595 nittmoda,

149 3610 220 3662 initis.
241 3611 379 3677 (Similiter
392 3617 442 3665 tem
455 3615 582 3666 Tritlerus
602 3614 681 3666 Obie.
697 3630 723 3680 p.
736 3617 804 3668 iiie
843 3628 875 3665 ae
893 3613 986 3666 statim
1002 3615 1157 3672 eonetdsser
1174 3621 1307 3678 postremo
1322 3617 1422 3673 omnim
1441 3627 1496 3677 qun

148 3705 209 3742 eum
237 3705 316 3758 sepse
342 3695 411 3745 cliuo
434 3694 559 3760 stanter)
598 3695 729 3759 Equidem
754 3697 806 3749 hoe
841 3696 914 3745 cisue
931 3700 1004 3751 erat,
1025 3699 1163 3746 eomtrnte
1181 3695 1240 3745 telte
1257 3696 1341 3746 nemis
1359 3695 1496 3746 enneosrt·

149 3785 232 3822 unum
252 3773 330 3826 rideo
350 3787 438 3826 teram
458 3787 515 3826 esee
535 3783 635 3836 perlem
655 3776 806 3828 lineamin-
841 3773 905 3832 ecc,
930 3779 956 3824 st
978 3775 1048 3824 inter
1071 3786 1103 3824 eu
1120 3774 1213 3824 tumus
1233 3773 1331 3836 insecta
1354 3776 1494 3840 ennpuine.

149 3863 200 3903 ure
218 3852 376 3916 minimeque
395 3856 523 3918 squeetsis
546 3867 579 3904 ec
598 3868 706 3919 pupnce
723 3858 806 3921 {natet
842 3865 877 3890 ·’-
894 3852 1042 3916 ottocento
1060 3855 1140 3905 stium
1161 3852 1255 3919 cletis]
1283 3855 1303 3906 a
1326 3855 1399 3918 virg.
1425 3857 1494 3907 Aen.

149 3936 224 3987 mut.
244 3938 374 3994 expuncto
394 3936 479 3994 enim,
500 3933 571 3996 quoti
593 3940 679 3985 ortum
698 3937 805 3988 videtur
844 3933 872 3992 i,
892 3932 958 3984 ³672
992 3933 1134 3998 Quonam
1160 3936 1239 3984 suunt
1264 3935 1339 3985 uictis
1368 3935 1438 3985 retlit
1466 3937 1496 3985 in

149 4026 180 4064 er
194 4013 219 4063 Γ
235 4011 279 4062 iiio
298 4025 322 4064 v·
336 4027 368 4065 ea
383 4017 563 4076 superscripto
582 4015 609 4071 l,
628 4016 700 4078 quod
716 4020 803 4078 tpsusn
840 4013 1002 4076 praecordia
1018 4015 1115 4073 otetur,
1136 4020 1165 4064 ut
1178 4015 1229 4064 tem
1248 4013 1363 4066 Pieiteaa
1382 4015 1493 4066 monuit.

150 4092 250 4144 codicis
268 4096 381 4155 scriptor
405 4094 536 4155 espltcere
555 4102 664 4146 conetur
682 4099 717 4147 sit
734 4103 805 4150 tnee·
842 4092 996 4146 Sententiae
1009 4096 1048 4146 sle
1060 4101 1270 4146 connectuntur:
1284 4107 1360 4146 ceum
1372 4095 1495 4158 permulti

149 4185 211 4223 rens
238 4173 325 4229 enim,
356 4173 403 4226 seri
431 4186 495 4226 seue
526 4173 694 4227 iesiinsntius
725 4191 804 4240 quem
842 4173 984 4238 ingerent,
1012 4177 1120 4238 quitiam
1142 4178 1256 4228 inermes
1274 4177 1351 4226 nortl
1370 4189 1398 4226 se
1417 4175 1495 4226 ailer-

149 4250 351 4304 consideratius.
379 4273 409 4290 -·
438 4258 605 4306 transuersos
630 4263 678 4306 cut
700 4255 803 4324 ciclos]
842 4261 916 4314 rent,
938 4254 1011 4306 luere
1031 4255 1428 4316 tamentntertiutnetiamaiii,
1448 4257 1494 4320 qui

150 4331 299 4390 Romanos,
325 4331 352 4382 tti
372 4332 443 4396 quoti
463 4332 550 4387 einoet
568 4347 599 4387 er
618 4340 802 4400 oppositione:
841 4333 984 4385 lentissime
1004 4333 1215 4399 depugnarent.»
1243 4335 1296 4387 Cur
1313 4335 1452 4386 Wsieitius
1470 4336 1492 4384 i.

149 4417 174 4463 st
190 4411 331 4462 Britanni.
841 4417 874 4464 Α.
895 4414 965 4465 iiosti
979 4419 1049 4466 cont.
1069 4422 1108 4466 eet
1129 4415 1275 4480 aliquemne
1294 4415 1495 4478 praestrenuu-

184 4491 231 4542 ³¹1.
250 4487 346 4554 uacui]
368 4493 537 4546 «etiamtunc
556 4493 691 4557 trauqatiit
710 4499 737 4546 et
757 4507 805 4556 pu·
841 4505 910 4545 mena
931 4494 1054 4545 iudicarit
1072 4501 1152 4557 atque
1171 4493 1238 4545 eden
1257 4499 1402 4558 receperit,
1426 4495 1495 4546 diiii·

149 4583 227 4636 qnam
247 4579 395 4623 ceterorum
413 4574 499 4624 otiose
517 4577 725 4638 inspectantes.»
757 4575 804 4626 list
841 4574 890 4624 eile
911 4579 950 4624 est
970 4571 1116 4625 interiecta:
1140 4597 1171 4610 -·
1193 4574 1294 4626 collecti
1310 4577 1412 4636 primos
1428 4573 1492 4638 net]

149 4651 226 4716 quasi
247 4655 399 4715 epexegesis
417 4665 458 4703 vs.
479 4653 564 4703 culce
586 4666 695 4718 pepnae
713 4665 805 4716 ceper·
840 4653 871 4704 iu
891 4665 923 4703 eo
941 4665 982 4704 rr.
1011 4654 1123 4712 aretae,
1150 4663 1230 4714 quem
1256 4653 1384 4716 prrebent
1409 4655 1493 4716 illuri,

149 4737 205 4790 tes,
232 4731 312 4781 holus
332 4734 412 4793 pertis
430 4735 559 4786 exercitas
579 4733 680 4785 hostilis
702 4737 804 4785 ruimus
841 4739 949 4784 nounte
971 4733 1105 4791 lironkic,
1142 4732 1234 4785 saitem
1262 4748 1309 4795 pro
1337 4736 1429 4800 ipnure'
1455 4749 1494 4788 re·

150 4823 259 4863 securos
276 4809 397 4878 (respice)
417 4811 804 4878 nigritiesue-ninimirum
842 4815 993 4876 quiresetur
1020 4814 1118 4876 qnasi,
1152 4813 1198 4864 eet
1226 4812 1266 4866 uei
1294 4813 1359 4866 itree
1387 4827 1495 4878 compo·

149 4887 215 4955 cen]
234 4891 320 4942 Nemo
339 4892 504 4955 trequentiue
524 4893 573 4943 nee
586 4893 701 4945 dictione
720 4900 804 4944 utitur
841 4895 902 4944 sitia
923 4893 1024 4942 ectieett
1046 4898 1078 4943 et
1104 4893 1222 4943 iecorum
1245 4896 1327 4957 pncri
1351 4895 1507 4947 admodum

150 4983 231 5034 quem
258 4969 382 5030 Tacitus,
413 4979 440 5023 et
470 4974 579 5035 quidem
610 4986 716 5036 semper
743 4987 816 5025 enm·
841 4973 1000 5022 inconcinna
1018 4979 1074 5031 est,
1099 4975 1223 5036 qaaelree
1250 4986 1298 5038 ega
1316 4987 1424 5038 qaoque
1443 4975 1495 5028 Pu·
1535 5023 1541 5033 ,

151 5057 220 5114 pert.
255 5052 302 5105 ni.
328 5063 464 5116 nonquam
485 5063 545 5102 enm
567 5053 628 5106 nist.
658 5053 714 5106 Cir.
733 5053 801 5106 litet.
840 5051 939 5104 tecieni
958 5055 1149 5104 correctionem
1170 5056 1286 5110 retinuit
1316 5054 1379 5116 quisi
1405 5063 1493 5108 tutem

149 5128 278 5194 &tle-³,
294 5131 337 5182 15.
350 5129 395 5184 tt.
418 5129 519 5195 nitique
537 5131 727 5186 ioeteiiotitio
740 5135 801 5198 ngr.
841 5135 870 5184 ie
901 5139 1025 5196 corrupto
1067 5133 1112 5185 tila
1145 5135 1209 5186 item
1241 5134 1269 5185 ia
1308 5133 1397 5193 Libris
1434 5145 1494 5204 poet
