3574 5878
492 472 589 542 virs
608 471 836 544 semeonis
877 475 953 562 cap.
975 477 1027 548 eo.
1049 475 1100 544 so.
1404 483 1468 550 aas

124 630 310 704 Britanniae
322 628 404 701 iore.
446 651 519 700 uam
533 640 565 700 ei
578 633 718 702 universi
732 634 889 704 seruistis
904 645 1064 724 expertes,
1087 643 1120 705 ei
1131 635 1237 706 nullm
1250 638 1331 707 ultra
1345 644 1467 720 terrae,

125 767 164 816 ao
177 767 220 818 ue
235 767 325 819 mare
338 744 466 832 quidem
481 766 626 816 securum
640 746 822 816 imminente
836 749 930 816 nubis
945 749 1043 816 elassa
1057 751 1209 820 Romana.
1254 754 1297 820 ita
1312 754 1468 838 praelium

123 867 221 948 atque
246 881 355 942 orma,
383 861 464 948 qnae
484 858 621 928 rombus
642 863 793 940 honesta,
817 865 928 930 eadem
950 862 1045 931 eiiam
1066 867 1188 950 ignavis
1210 865 1364 932 tutissima
1385 875 1468 934 sunt.

122 976 250 1062 priores
263 995 406 1063 pugnae,
420 981 536 1065 quibus
548 980 700 1045 advorsus
714 983 872 1046 Romanus
887 977 975 1044 varia
988 975 1118 1044 fortuna
1132 984 1283 1046 certatum
1300 987 1365 1054 esi,
1381 981 1488 1066 spem'

122 1107 161 1154 ae
187 1090 364 1158 subsidium
383 1093 418 1158 iu
438 1091 554 1158 nostris
574 1091 720 1162 manibus
740 1089 914 1174 habebant,
937 1091 1011 1177 quia
1033 1090 1223 1158 nobilissimi
1236 1094 1332 1160 leiim
1347 1091 1487 1166 Britan-s

122 1204 215 1279 niae,
246 1223 350 1290 euque
375 1205 512 1293 idipsis
538 1204 751 1292 penetralibus
774 1207 826 1270 siti
848 1223 906 1270 nec
928 1203 1131 1272 servientium
1151 1203 1244 1272 litora
1267 1205 1470 1293 aspicientes,

122 1317 238 1384 oeulos
259 1337 387 1406 quoque
418 1339 438 1384 a
469 1325 618 1386 uonisein
642 1316 866 1386 dominationis
887 1319 1055 1394 inviolatos
1077 1316 1281 1386 habebamus.
1326 1341 1384 1386 nos
1407 1328 1471 1391 tui·-

121 1449 233 1499 rerum
260 1449 297 1496 aa
321 1427 475 1498 libertatis
497 1438 657 1498 extremos
679 1451 822 1496 recessus
844 1431 913 1516 ipse
936 1450 973 1496 ae
994 1432 1081 1498 sinus
1102 1428 1205 1498 famae
1226 1433 1260 1498 iu
1282 1436 1365 1499 buuu
1386 1435 1471 1501 diem

124 1541 276 1612 defendit.
317 1565 402 1612 nune
423 1546 576 1612 terminus
596 1544 776 1626 Britanniae
799 1551 892 1630 patei.
935 1551 1029 1628 atque
1053 1564 1147 1610 omne
1169 1546 1312 1629 ignotum
1327 1566 1387 1632 pro
1405 1566 1471 1613 ma·

123 1655 241 1743 guibon
263 1665 323 1724 est.
367 1655 424 1724 sed
446 1657 531 1725 uuila
552 1659 614 1724 iam
635 1659 719 1725 ultra
740 1675 836 1749 gens,
858 1656 936 1723 nibil
956 1656 1019 1722 nisi
1039 1653 1153 1723 fluctus
1173 1666 1205 1723 et
1223 1679 1320 1736 saxa,
1344 1665 1377 1727 ei
1391 1657 1505 1728 inse-m

123 1775 240 1838 stiores
260 1771 415 1849 Romani,
444 1792 579 1858 quorum
601 1769 782 1858 superbiam
803 1767 919 1837 irusira
941 1789 998 1856 per
1020 1769 1209 1856 obsequium
1230 1780 1263 1838 ei
1283 1771 1470 1840 modestiam

122 1882 289 1970 effugeris.
334 1891 477 1972 rapturos
498 1881 606 1960 orbis,
629 1890 798 1970 postquam
821 1890 933 1948 cuneta
947 1883 1144 1950 vastantibus
1158 1881 1289 1950 deluere
1304 1893 1425 1960 terrae,
1440 1895 1472 1952 ei

62 2019 64 2024 ’
121 2017 214 2066 mere
235 1998 483 2096 seruiauiurssi
501 1995 644 2080 locuples
658 1997 759 2062 bostis
775 2003 841 2073 esi,
865 1996 969 2072 avari,
993 1997 1020 2060 si
1034 2015 1169 2084 pauper,
1191 1997 1368 2078 ambitiosi;
1392 2019 1472 2086 quos

122 2131 191 2181 nou
219 2111 349 2189 Oriens,
376 2131 442 2181 uun
469 2110 623 2178 Oeoidens
650 2107 823 2175 satiaverit.
868 2109 929 2174 soli
956 2107 1097 2176 omnium
1118 2130 1196 2196 opes
1217 2117 1310 2198 sique
1331 2111 1472 2200 inopium

122 2221 196 2312 pari
220 2222 336 2293 allecto
355 2223 592 2310 eoncupiscuni.
637 2203 762 2288 auferre
784 2220 941 2288 trucidare
963 2241 1076 2308 rapere
1097 2221 1184 2290 falsis
1207 2222 1391 2292 nominibus
1412 2227 1510 2293 imma

137 2484 149 2531 ι
166 2405 351 2532 1¹{irruentibus
367 2405 401 2461 A.
422 2433 450 2448 ·-
472 2406 499 2460 8.
519 2407 585 2460 luae
600 2404 677 2459 I'As
697 2405 764 2458 bum
782 2405 813 2456 ii.
833 2407 892 2457 siue
909 2406 1077 2458 aneioritate.
1097 2427 1131 2444 -
1161 2405 1196 2458 ta
1226 2405 1351 2468 desumo:
1369 2413 1472 2463 terrum

122 2491 136 2532 s
223 2511 232 2530 .

122 2606 270 2660 animulam
287 2632 298 2648 ·
314 2633 327 2647 ·
348 2603 496 2673 bubeium]
523 2608 593 2671 «qut
619 2609 694 2670 prius
720 2616 780 2655 sum
816 2602 906 2669 samus
919 2603 1029 2653 nimium
1042 2613 1105 2654 saus
1119 2615 1177 2656 esse
1196 2609 1223 2655 et
1241 2617 1323 2668 propa
1338 2607 1471 2670 putidum,

123 2688 252 2740 Romanis
265 2687 455 2749 decertarunt,
473 2699 581 2750 semper
595 2699 668 2748 spem
682 2683 780 2736 bebere
819 2695 880 2733 eum
904 2681 983 2734 simui
1008 2687 1072 2733 tone
1094 2685 1161 2734 situs
1185 2683 1345 2742 Caledonius
1366 2698 1473 2749 proese-

123 2773 259 2832 poteram,
279 2769 445 2822 seultimum
461 2775 533 2821 eerts
547 2765 696 2830 pertusiam
709 2761 780 2826 sputi
819 2762 943 2813 dentibus
967 2761 1103 2814 dumtaxat
1125 2761 1211 2816 serbis
1241 2767 1419 2828 significetur,
1443 2769 1471 2818 itt

122 2861 173 2901 nos
185 2854 340 2912 reperturus
353 2862 431 2909 esse;
451 2849 536 2911 qualis
554 2851 644 2897 eontra
656 2857 716 2906 ipss
735 2856 782 2893 nu·
819 2849 908 2894 nostra
927 2849 1018 2892 eontra
1036 2845 1138 2894 rauene
1156 2845 1238 2904 situs,
1264 2849 1339 2896 euius
1360 2853 1401 2897 est
1419 2849 1472 2908 pri·

122 2929 165 2978 bis
176 2937 272 2992 negata
285 2936 352 2981 est.»
369 2951 398 2964 -
414 2939 493 2994 eoque
505 2925 570 2990 eeu]
589 2930 714 2987 «propter
731 2921 781 2972 boe
817 2927 898 2972 maria
919 2922 962 2972 bie
981 2922 1072 2980 notio,
1099 2922 1182 2972 tribus
1204 2937 1244 2975 rs.
1264 2929 1408 2986 extremos,
1432 2938 1472 2977 rs·

122 3013 232 3072 ipsum,
258 3015 287 3062 ut
310 3007 435 3062 omnibus
459 3007 528 3060 ultro
548 3010 705 3069 appareret,
731 3013 780 3052 nus
817 3015 919 3060 cessus,
958 3002 1032 3050 stam
1068 3001 1196 3052 laetorum
1233 3006 1315 3055 menti
1354 3005 1470 3056 dilucide

121 3086 706 3148 esseuobillssimoss3rbeiortessenteniia.
724 3082 777 3133 Cir.
817 3089 988 3144 propensior.
1039 3080 1133 3144 Neque
1160 3094 1222 3135 raro
1250 3083 1334 3134 Taciti
1364 3083 1470 3136 dicendi

122 3169 271 3224 Caesarii.
291 3169 325 3222 G.
343 3171 370 3233 ὅ,
390 3169 439 3221 iis
458 3168 618 3219 Britanniae
632 3177 699 3229 pura
716 3165 780 3214 ints-
816 3174 907 3226 penus,
927 3175 958 3214 ex
978 3175 1031 3226 quo
1049 3164 1203 3224 saepissime
1222 3164 1261 3214 sie
1278 3163 1331 3214 duo
1344 3164 1471 3230 homony-

120 3251 182 3302 mos
200 3249 234 3302 eb
251 3252 286 3302 iis
302 3251 420 3307 eoldus,
441 3261 507 3313 quos
526 3250 608 3298 ,matos
633 3242 778 3294 ininsula
816 3255 858 3294 ma
892 3244 1045 3306 coniungit,
1074 3255 1128 3306 quo
1157 3241 1240 3296 testor
1264 3246 1366 3294 notioni
1392 3245 1470 3299 ausui

121 3331 185 3392 ipsu
202 3325 412 3394 (αὐτόχθονας)
430 3329 573 3378 mamertus
586 3325 727 3388 proditum
739 3322 779 3373 ds·-
817 3322 917 3374 diutius
935 3325 1107 3382 immoretur,
1133 3324 1272 3385 permittit,
1296 3329 1397 3374 uinum
1411 3325 1470 3377 aliis

121 3416 200 3462 esni.
222 3432 251 3445 -
271 3421 389 3462 rsesssss
404 3409 462 3470 ipse
479 3421 511 3458 ue
530 3402 622 3469 mnus]
646 3404 779 3467 liemouy·
816 3404 852 3454 its
877 3403 1056 3465 dissonamus,
1082 3409 1113 3453 ut
1135 3415 1250 3454 resersus
1273 3401 1400 3468 (regionis
1423 3418 1472 3457 nu·

121 3491 194 3550 nats,
212 3495 351 3552 nissepe,
372 3491 457 3540 utitur
469 3486 502 3538 ad
516 3486 716 3551 significandum
731 3482 778 3534 Ca·
815 3480 896 3546 strae)
925 3484 1048 3545 proprie,
1071 3483 1146 3532 maus
1171 3484 1261 3548 [amne
1289 3496 1337 3546 per
1364 3489 1470 3546 tropum

123 3569 247 3622 ieiunise
269 3573 350 3622 stium
373 3583 454 3634 uuam
480 3569 593 3620 maxims
613 3565 778 3617 reconditum
816 3565 949 3626 poetieam
962 3566 1162 3626 recipimur.-
1178 3574 1253 3614 omme
1268 3565 1388 3630 inmotum
1405 3557 1468 3626 aaa]

123 3655 305 3704 aesomnium
323 3643 779 3712 aliomansprosineis.-iumus
817 3642 975 3704 comparant
1001 3641 1120 3706 suomi.
1146 3641 1173 3702 6,
1201 3643 1251 3693 11:
1279 3642 1316 3694 ui
1341 3642 1399 3714 γὰρ
1421 3637 1470 3694 διὰ

123 3727 250 3796 defendit}
270 3728 336 3782 Cum
348 3730 544 3790 reassumpto,
563 3727 670 3788 liotbio,
690 3723 779 3788 liueb-
815 3721 955 3774 πλείστου
972 3721 1077 3785 πάντες
1089 3717 1175 3786 ἴσμεν
1188 3717 1402 3788 θαυμαζόμενα
1419 3724 1471 3774 aei

123 3823 205 3872 uero,
234 3809 355 3864 broukie
381 3813 409 3862 lu
433 3809 485 3860 iiii.
504 3808 541 3858 lt.
566 3806 655 3870 [amus
677 3806 778 3868 resipio
816 3797 854 3854 soi
871 3806 974 3872 πεῖραν
986 3796 1095 3868 ἥκιστα
1107 3799 1160 3866 τῆς
1173 3796 1263 3866 δόξης
1281 3796 1381 3853 δόντα.
1410 3801 1468 3852 bis.

124 3901 173 3954 pm
192 3889 296 3953 doure,
321 3903 392 3956 uuas
415 3891 577 3943 eoustruetto
599 3901 625 3940 s.
644 3883 780 3948 dsfmdm
815 3881 860 3935 28,
878 3881 930 3932 i-i:
957 3879 999 3932 Ad
1022 3881 1070 3930 beo
1093 3881 1183 3930 mator
1204 3881 1358 3944 innotarum
1379 3893 1470 3931 rerum

124 3982 173 4033 pru
191 3969 311 4032 utente.
330 3967 579 4032 adommiemum,
600 3965 672 4030 apud
688 3968 778 4028 poetas
816 3967 855 4012 est
873 3967 969 4011 terror.
999 3961 1077 4011 Boou
1094 3959 1218 4025 maioque
1233 3960 1349 4010 hostiam
1363 3973 1470 4024 sapro-

123 4049 197 4102 bsud
212 4052 248 4103 tia
264 4061 322 4104 rara
335 4055 385 4103 est.
403 4037 780 4110 tuemnsvtrg.sset.·t,t·t'=
813 4042 915 4105 piapen
937 4041 1070 4106 inpressos
1093 4039 1156 4104 fines
1182 4040 1306 4102 nummus.
1345 4039 1389 4091 ste
1416 4039 1469 4092 iio·

122 4129 271 4182 ⁵Sisisiitium
281 4132 371 4194 pecori
382 4129 518 4196 dolendus.
542 4127 634 4178 iiorm.
649 4125 679 4176 c.
694 4128 720 4185 i,
734 4124 778 4183 17,
816 4123 886 4170 mani
923 4122 1025 4182 opinari
1058 4126 1180 4182 poterant
1215 4117 1374 4176 Caledonios
1404 4123 1469 4182 ipsis

123 4209 159 4262 ὃς
184 4207 312 4273 Dessodtt
335 4213 461 4261 muntem
484 4206 591 4272 eopettu
614 4210 666 4259 eet.
698 4203 778 4256 Stltus
816 4203 918 4263 ignotos
937 4211 1093 4264 permagnos
1111 4211 1175 4262 opes
1190 4199 1336 4262 possidere.
1357 4203 1467 4262 reperiri

123 4291 151 4350 5,
176 4288 250 4342 uuu=
274 4290 410 4354 desesdem
433 4289 525 4341 mseiu
545 4287 628 4340 morti
649 4285 777 4336 Dedeeus.
816 4279 888 4342 apud
907 4293 952 4330 eos
969 4292 1064 4331 surum
1082 4285 1286 4345 amentemque.
1300 4303 1332 4316 -
1350 4278 1468 4343 insessio·
1521 4265 1525 4284 ‘

123 4369 227 4424 suun·
254 4369 341 4424 'ibeb-
367 4370 394 4432 i,
419 4367 486 4420 δίει
515 4369 618 4420 amium
644 4365 779 4431 defendero
815 4357 867 4424 res]
887 4363 1045 4412 assertores
1064 4361 1143 4410 auam
1166 4371 1245 4423 quam
1264 4361 1343 4410 maris
1362 4364 1470 4422 perteu-

122 4452 228 4515 Μαι,
249 4461 390 4504 «armies
409 4448 589 4502 multtatus.»
621 4447 677 4499 ism
696 4448 779 4497 notis·
816 4441 868 4493 is.»
890 4465 919 4477 -
939 4436 1089 4502 ambitiosi]
1109 4452 1235 4490 «summa
1255 4451 1346 4492 eorum
1367 4446 1407 4491 sot
1425 4453 1469 4490 su·

122 4535 220 4584 sinum
240 4537 297 4586 esi.
318 4535 484 4594 quantopere
500 4529 609 4580 roesam
627 4531 699 4580 amet
717 4537 780 4577 ouu-
817 4520 907 4583 perbis
933 4527 1014 4583 sique
1039 4518 1223 4579 intolerantia,
1249 4531 1301 4582 qua
1330 4532 1359 4571 se
1387 4521 1468 4572 reiuti

122 4615 284 4665 suusdunes
297 4613 426 4674 pedum.
446 4603 600 4673 iist'tgiturs
621 4607 779 4667 esitusipse
816 4602 981 4652 uietsuuutur
998 4598 1031 4650 de
1046 4598 1228 4651 subiectorum
1247 4601 1367 4660 inopias
1388 4598 1468 4662 Quod

123 4698 216 4746 umier
234 4691 313 4752 uois,
332 4694 364 4744 ui
382 4701 465 4754 prope
484 4690 588 4741 naeniis
606 4688 694 4740 adino
707 4699 779 4740 msu-
816 4679 938 4734 Weisber
954 4679 1031 4730 admi
1048 4681 1118 4736 iun.
1133 4677 1160 4737 ³,
1179 4677 1231 4729 te:
1252 4677 1390 4730 ambitiose
1402 4692 1468 4731 neu·

122 4775 189 4826 serit
201 4771 276 4828 ‘iim
293 4779 383 4825 nostra
398 4781 540 4836 panesque
553 4768 586 4820 da
606 4767 682 4819 nobis
695 4767 778 4818 ioeoii
815 4759 1023 4826 amministrum
1034 4756 1214 4822 Hispaniam,
1233 4771 1265 4810 eo
1278 4756 1375 4821 diuers,
1396 4761 1468 4824 quod

122 4856 178 4908 unt
196 4852 296 4913 exteris
321 4854 447 4919 quooires
469 4857 547 4904 sutas
566 4848 686 4900 nendum
704 4846 779 4900 beiits
818 4840 945 4902 iiispaoia
964 4843 1022 4890 erat
1039 4839 1174 4900 provincia
1194 4836 1410 4899 locupletissime,
1429 4845 1469 4891 st·

123 4935 202 4998 petiti
219 4944 339 4986 sumus.»
371 4933 424 4996 Qui
442 4943 467 4984 s.
489 4931 578 4996 [umus
597 4940 645 4990 pro
664 4929 779 4993 genitivo
813 4932 870 4984 nus
887 4919 924 4969 tbt
943 4917 1052 4968 ambitio
1065 4917 1180 4968 retertur
1191 4915 1224 4969 sd
1238 4915 1355 4969 lusorem
1369 4921 1467 4970 sisium

123 5014 245 5076 babent,
269 5019 299 5065 nt
320 5013 396 5064 siuns
419 5010 508 5075 {umus
525 5011 561 5060 sit
584 5007 675 5059 stoma
699 5019 779 5070 quom
816 5002 996 5054 Romanorum
1021 5001 1047 5050 tu
1072 4997 1200 5060 iiispauta
1219 4997 1370 5062 degentium
1389 5001 1468 5052 nimis

122 5098 238 5150 manime
270 5092 448 5154 samnitia»,
479 5101 535 5142 neu
565 5089 628 5139 satis
657 5086 781 5141 aldarnus
816 5081 972 5134 studioses
996 5076 1092 5130 Pisone
1120 5077 1280 5140 quaesitam.
1308 5100 1338 5114 -·
1363 5076 1469 5142 nalem

123 5173 258 5239 emesan
281 5173 357 5229 buno
382 5177 489 5238 uopum
515 5179 627 5224 ammam
652 5179 684 5220 ue
707 5168 781 5218 mam
817 5157 1249 5229 esulstntttamnsiiiurttatss
1265 5158 1468 5224 insonuisse
