3574 5878
830 443 1018 516 CORNELII
1039 447 1173 516 tecm

648 1137 1024 1232 CORNELII
1071 1150 1338 1238 ructet

519 1305 653 1396 DE
708 1309 1463 1417 oltsuoltllslts

773 1484 1213 1578 mamertia.

904 1655 1085 1672 m

824 1759 1155 1822 uunvttuuttr.

324 1880 381 1950 Cap.
403 1885 425 1934 l.
461 1886 586 1954 Postquam
605 1889 681 1940 Iustus
697 1889 784 1940 Fabius
804 1905 873 1958 saepe
893 1909 922 1943 sx
939 1903 1032 1946 auctore
1049 1894 1134 1960 dialogi
1154 1895 1320 1960 requisiverat,
1342 1909 1383 1944 enr
1401 1911 1446 1944 non
1467 1897 1569 1962 amplius
1589 1898 1660 1962 rigeat

356 1962 499 2026 eloquentiae
511 1965 627 2025 studium,
649 1965 686 2015 hic
697 1981 742 2016 nou
754 1983 821 2017 suam
833 1971 936 2033 prolerre
947 1970 1086 2020 senteutiam
1102 1972 1196 2031 statuit,
1217 1971 1259 2020 sed
1275 1981 1380 2036 repetere
1397 1985 1530 2022 sermonem
1548 1971 1659 2022 hominum

355 2037 575 2101 disertissimorum,
597 2057 655 2106 quos
668 2042 768 2092 eandem
780 2045 941 2108 quaestionem
953 2055 1118 2110 pertractantes
1129 2047 1257 2096 admodum
1270 2047 1358 2096 iuvenis
1370 2047 1503 2098 audivisset.
1540 2051 1564 2094 1.
1584 2051 1606 2095 8.
1626 2047 1659 2096 isti

354 2127 407 2166 sunt
419 2115 536 2167 Curiatius
553 2117 688 2178 Maternus,
709 2127 845 2168 exoratura
862 2127 943 2186 poeta,
963 2121 999 2172 M.
1019 2123 1085 2186 ‚Iper
1101 2131 1124 2172 et
1141 2123 1212 2171 Iulius
1229 2121 1365 2182 Secundus,
1387 2123 1540 2173 celeberrime
1557 2131 1606 2172 tnm
1623 2124 1660 2172 Iasi

355 2191 459 2254 ingenia,
489 2193 527 2257 qui
551 2193 679 2253 mirantur,
712 2193 775 2258 quod
795 2195 915 2246 Iliatemua
936 2197 1043 2246 lastiditis
1068 2197 1197 2246 orationum
1218 2213 1386 2263 musarumque
1412 2197 1496 2247 audite
1518 2213 1588 2246 ornae
1606 2211 1662 2246 none

355 2276 446 2330 tempus
458 2267 517 2317 cirea
530 2267 659 2332 tragoedias
670 2279 801 2330 consumat,
820 2285 918 2335 quarum
931 2280 1009 2322 tamen
1027 2272 1159 2324 recitatione
1175 2273 1301 2323 offendisse
1317 2272 1443 2338 potentium
1460 2275 1551 2322 anianus
1569 2273 1660 2322 dicatur.

355 2343 379 2390 i.
399 2341 437 2391 hie
452 2345 531 2408 poesin
548 2361 560 2393 a
579 2359 605 2394 se
622 2359 683 2393 nnnc
701 2345 744 2394 coli
760 2345 894 2410 profitetur,
913 2347 967 2412 quia
983 2349 1084 2397 sanctior
1100 2348 1157 2399 haec
1173 2358 1196 2398 et
1212 2351 1329 2414 augustior
1345 2350 1375 2398 sit
1391 2349 1533 2414 eloquentia.

388 2419 436 2465 5—
449 2421 473 2466 7.
492 2418 554 2467 IIinc
570 2421 643 2468 oritur
663 2419 811 2484 disceptatio,
831 2431 908 2471 utrum
928 2425 1081 2488 praestantIor
1099 2423 1129 2472 ait
1149 2439 1186 2472 ars
1203 2425 1302 2473 oratoria
1319 2439 1348 2474 en
1366 2425 1463 2489 politica.
1499 2426 1566 2490 Aper
1578 2425 1663 2488 magnit

355 2492 462 2544 laudibus
474 2493 592 2559 praedicat
602 2495 715 2544 oratoriae
727 2497 782 2545 artis
793 2497 928 2557 utilitatem,
947 2500 1103 2564 voluptatem,
1121 2498 1272 2562 dignitatem,
1297 2502 1321 2548 8.
1340 2514 1368 2549 ac
1386 2509 1496 2565 prosecat
1511 2499 1544 2549 ad
1561 2501 1663 2564 exempla

354 2569 460 2620 Marcelli
472 2569 536 2635 Eprii
548 2580 572 2619 et
584 2568 660 2635 Crispi
673 2570 743 2622 Vibii.
780 2574 803 2620 9.
825 2575 863 2622 stt.
889 2581 1011 2640 poetarum
1023 2583 1101 2624 eontm
1114 2575 1201 2624 nullam
1213 2589 1265 2624 esse
1276 2574 1412 2639 dignitatern
1424 2575 1479 2624 dicit
1495 2583 1519 2624 et
1529 2575 1661 2632 utilitatem

355 2645 496 2710 voluptatem
524 2660 579 2697 sero
602 2647 713 2706 brevem,
742 2647 835 2700 landem
856 2650 962 2709 manem,
984 2651 1149 2700 inimctoosam
1172 2651 1298 2716 multisque
1320 2651 1482 2700 recitationum
1506 2652 1663 2701 molestiaene

355 2721 484 2786 sumptibus
496 2730 594 2786 partam.
623 2723 649 2771 iia
662 2723 685 2772 in
700 2723 847 2773 solitudinem
863 2725 1041 2786 secedendum,
1059 2727 1079 2776 si
1095 2726 1167 2776 modo
1183 2725 1279 2790 dignum
1296 2725 1385 2790 aliquid
1403 2726 1523 2777 elaborare
1541 2727 1624 2786 velint,
1642 2733 1662 2775 et

355 2797 482 2848 medioeres
498 2797 585 2848 nemini
601 2807 681 2858 notos,
702 2799 775 2849 bonos
791 2800 883 2864 paucis;
901 2800 1002 2850 studium
1021 2801 1120 2868 deanue
1140 2801 1233 2852 illomm
1250 2817 1296 2852 non
1316 2802 1393 2851 minna
1409 2801 1537 2852 obnoxium
1554 2803 1660 2858 eumue.

355 2888 426 2940 quam
445 2881 570 2924 oratorum.
605 2875 682 2940 itaque
698 2875 821 2934 Materno,
841 2876 870 2925 ad
887 2876 993 2927 altiorem
1011 2877 1166 2942 eloquentiam
1186 2887 1210 2926 et
1225 2891 1318 2926 summa
1335 2886 1405 2938 nato,
1427 2892 1474 2928 nou
1491 2877 1662 2928 subsistendum

355 2965 407 3004 este
419 2951 441 3000 in
452 2950 590 3012 leuioribus,
608 2951 651 3000 sed
667 2951 697 3001 ab
708 2951 828 3002 auditoriis
844 2961 867 3002 et
882 2951 977 3002 theatris
994 2952 1018 3002 in
1035 2953 1110 3003 iorum
1127 2961 1151 3003 et
1163 2953 1193 3004 ad
1204 2967 1286 3002 causas
1298 2967 1398 3017 ueraque
1410 2954 1497 3017 praeha
1509 2953 1660 3004 redeundum.

389 3028 493 3075 tt-te.
523 3025 591 3088 Quae
610 3041 683 3090 quom
703 3028 769 3092 Aper
788 3027 884 3078 dixisset
903 3029 979 3078 aerius
999 3037 1022 3077 st
1041 3029 1127 3080 intento
1146 3044 1200 3087 ore,
1227 3029 1339 3078 mmissus
1358 3037 1382 3078 et
1399 3028 1523 3078 subridens
1544 3029 1662 3094 respondet

354 3101 491 3152 Maternus:
513 3103 616 3166 poeticae
627 3101 703 3152 studio
714 3104 827 3153 maiorem
839 3103 915 3168 parari
926 3103 1074 3154 securitatem
1086 3113 1109 3153 et
1121 3105 1232 3168 gloriam,
1251 3119 1322 3168 mam
1335 3104 1419 3152 lurensi
1436 3103 1517 3153 labore
1535 3113 1559 3152 st
1570 3104 1663 3167 strepitu

355 3177 490 3241 litigantium
502 3187 541 3226 sut
554 3178 703 3227 comitatuum
714 3179 925 3244 salutationumque
937 3180 1080 3244 frequentin
1099 3181 1215 3245 puriorem
1228 3195 1283 3229 vero
1296 3179 1436 3244 uoluptatem
1448 3193 1533 3228 semro
1544 3188 1568 3229 et
1579 3189 1663 3229 οοοοοῑο

354 3266 446 3301 secessu
458 3253 481 3300 in
493 3267 586 3302 nemora
598 3261 621 3302 et
633 3254 711 3314 lucos,
729 3269 799 3318 qoam
812 3255 900 3304 lucrosa
912 3263 936 3304 et
946 3254 1132 3318 sanguinantein
1146 3257 1194 3304 Iuro
1211 3255 1357 3318 eloquentis,
1376 3269 1437 3318 qnae
1455 3269 1519 3314 uon,
1540 3263 1567 3303 ot
1582 3255 1661 3319 poian,

355 3342 440 3388 aureo,
458 3326 501 3378 sed
513 3329 587 3378 terreo
607 3329 685 3378 seculo
705 3339 728 3379 et
740 3339 833 3394 propter
845 3331 918 3379 malos
929 3329 1049 3379 hominum
1062 3345 1139 3380 mores
1156 3332 1180 3379 in
1193 3331 1269 3380 locum
1282 3329 1319 3380 teli
1337 3338 1429 3394 reperta
1445 3329 1482 3378 sit.
1507 3329 1600 3378 dulcem
1615 3343 1662 3378 esse

354 3409 475 3469 poetarum
487 3403 557 3453 sitem
570 3413 593 3454 et
604 3419 711 3454 curarum
720 3415 854 3470 expertem,
865 3407 957 3455 anxiam
970 3421 1024 3457 sero
1033 3415 1166 3466 oratorum,
1179 3405 1219 3470 qui
1231 3405 1369 3470 temperiei
1380 3405 1477 3455 timeant
1486 3405 1523 3454 rel
1535 3405 1660 3454 timeantur.

387 3481 426 3528 ll.
447 3477 567 3543 Colloquio
577 3481 709 3546 supervenit
722 3480 845 3546 lestanus
856 3481 973 3540 Mesenis,
996 3480 1122 3530 admirator
1136 3489 1239 3530 setarum
1253 3490 1384 3544 temporum
1395 3487 1576 3545 oratorumque,
1589 3493 1661 3527 meen-

353 3554 437 3604 tiorum
450 3565 600 3620 contemptor.
638 3559 741 3605 15-17.
762 3557 814 3606 hinc
835 3557 913 3621 dper,
939 3557 1010 3606 seculi
1026 3557 1062 3605 sui
1079 3571 1238 3620 norommque
1255 3555 1375 3606 rhetorum
1391 3567 1519 3622 patronus,
1541 3555 1661 3604 emersum

354 3629 511 3682 deliniendum
530 3641 622 3692 censet,
644 3633 738 3698 quinam
759 3643 861 3682 oratores
882 3631 978 3682 vocandi
998 3634 1044 3681 siut
1062 3633 1167 3697 antiqui:
1199 3643 1277 3682 utrum
1298 3633 1377 3682 Ulires
1397 3641 1486 3682 tantum
1504 3640 1528 3681 et
1545 3631 1661 3682 Nestoret

352 3709 476 3758 Menenius
489 3707 606 3771 Agrippa,
626 3724 655 3756 an
667 3717 690 3756 et
702 3709 747 3756 iam
760 3707 930 3758 Demosthenes
942 3718 964 3756 et
976 3707 1122 3772 Hyperides,
1141 3708 1201 3757 ioter
1217 3723 1316 3772 quorum
1333 3717 1357 3757 et
1374 3707 1418 3756 boc
1435 3719 1519 3756 aecum
1532 3721 1579 3756 non
1595 3705 1662 3754 multo

352 3784 428 3848 plnres
448 3799 516 3846 quam
538 3781 630 3832 CCCC.
649 3784 701 3832 suoi
721 3784 838 3840 intersint,
857 3793 896 3832 aut
916 3783 1013 3843 Cicero,
1033 3782 1134 3843 Caesar,
1155 3781 1263 3842 Caelius,
1289 3781 1389 3840 Calrus,
1410 3781 1512 3842 iimtns,
1531 3783 1624 3831 heloim
1641 3789 1663 3829 et

353 3859 469 3918 Messala,
487 3859 526 3922 qui
544 3861 581 3907 ris
598 3859 664 3908 unius
681 3859 782 3908 hominis
799 3869 874 3909 astato
890 3859 936 3908 sint
952 3859 1049 3922 priores.
1087 3860 1125 3906 ¹8.
1146 3860 1233 3908 lormas
1254 3869 1333 3908 autem
1355 3869 1378 3908 et
1398 3873 1482 3922 genera
1501 3857 1594 3908 dicendi
1613 3870 1663 3904 enm

353 3935 494 3998 temporibus
509 3949 536 3983 nc
553 3934 684 3984 diversitate
702 3935 792 3984 aurium
811 3935 894 3983 mutari
912 3942 1004 3992 monet,
1031 3943 1054 3983 ct
1077 3935 1131 3984 ritio
1156 3933 1303 3998 malignitatis
1325 3933 1441 3982 humanae
1464 3948 1560 3998 semper
1579 3931 1663 3983 landari

353 4021 444 4068 uetera,
471 4010 599 4074 praesentia
621 4009 725 4059 fastidiri.
763 4013 802 4058 tu.
823 4013 862 4058 20.
891 4007 998 4058 Cassium
1020 4009 1133 4060 Severum
1160 4025 1173 4058 s
1194 4009 1273 4058 multis
1293 4010 1356 4059 reiut
1380 4009 1506 4058 terminum
1528 4005 1663 4070 antiquitatis

353 4086 457 4135 constitui
474 4085 619 4150 primumque
637 4085 729 4135 linxisse
745 4087 774 4134 ah
792 4086 830 4134 illa
848 4095 925 4135 vetere
942 4095 1012 4149 atque
1030 4085 1117 4135 directa
1134 4085 1226 4134 dicendi
1240 4086 1291 4145 sis,
1307 4100 1352 4134 non
1370 4085 1504 4134 inlirmitste
1520 4084 1606 4147 ingenii
1622 4096 1663 4131 nec

353 4162 442 4212 irascitia
454 4161 595 4218 litterarum,
612 4161 654 4210 sed
671 4161 756 4211 iudicio
768 4169 790 4210 et
806 4161 930 4212 intellectu.
958 4161 1013 4210 olim
1030 4161 1053 4210 iu
1068 4160 1156 4211 bonore
1173 4161 1242 4210 luisse
1260 4161 1326 4224 longa
1344 4160 1455 4224 principia
1475 4169 1498 4209 et
1515 4159 1662 4212 eundem,

353 4238 491 4288 divisionum
510 4247 744 4300 argumentorumque
761 4237 886 4285 multorum
903 4237 1080 4286 ostentationem
1100 4245 1123 4285 et
1138 4234 1296 4300 philosophice
1314 4236 1412 4285 orationi
1429 4236 1533 4292 inserta3
1561 4249 1620 4284 nnnc
1635 4233 1663 4282 ah

353 4323 442 4364 oratore
460 4312 568 4362 laetitiam
587 4319 609 4360 et
626 4310 820 4376 pulchritudinem
839 4311 949 4361 orationis
967 4311 1130 4376 poeticumque
1145 4311 1253 4362 decorem
1266 4311 1335 4374 exigi.
1372 4312 1412 4358 dl.
1432 4313 1472 4358 ἥ,
1492 4311 1515 4358 in
1526 4309 1663 4358 orationibus

355 4389 420 4439 Calvi
432 4405 538 4454 quoqne,
558 4386 646 4446 Caelii,
666 4387 785 4445 Caesaris,
806 4387 896 4444 Asinii,
912 4385 1005 4436 Corvini
1022 4387 1141 4450 ipsiusque
1155 4385 1273 4436 Ciceronis
1285 4387 1357 4436 multa
1369 4385 1514 4446 deprehendi
1526 4385 1662 4450 antiquitatis

354 4467 421 4523 uitia,
440 4463 520 4513 sordes
533 4463 669 4522 verborum,
688 4462 789 4513 hiantem
810 4463 999 4528 compositionem
1016 4471 1039 4510 et
1056 4477 1139 4512 seusus
1157 4462 1298 4522 inconditos,
1318 4479 1377 4528 qnae
1395 4473 1472 4512 umen
1490 4461 1538 4511 sola
1556 4462 1663 4511 mirentur

353 4539 453 4606 perversi
470 4539 603 4588 imitatores.
639 4542 679 4586 23.
700 4539 790 4603 iniquos
806 4540 875 4602 igitur
890 4538 976 4587 iudices
993 4553 1056 4597 esse,
1076 4537 1115 4603 qui
1132 4538 1225 4602 antiqua
1245 4547 1334 4588 tantum
1350 4539 1447 4588 ederant
1465 4525 1573 4587 latidihns
1590 4537 1663 4586 rheto-

353 4631 450 4679 mmque
469 4615 621 4664 recentiomm
639 4615 815 4664 commentarios
834 4613 960 4663 fastidiant.
996 4621 1114 4677 postremo
1131 4612 1263 4671 Messalae,
1287 4613 1388 4662 Matemi
1406 4621 1429 4662 et
1447 4609 1550 4661 Secundi
1572 4612 1661 4661 airtmes

354 4691 574 4756 praedicatumque
595 4687 624 4738 ad
647 4689 807 4738 illustrandum
831 4690 935 4738 seculum
955 4703 1023 4736 snum
1045 4687 1200 4751 pulcherrImo
1221 4687 1311 4737 dicendi
1332 4701 1417 4751 genere
1436 4685 1585 4748 exhortatur,
1610 4699 1661 4734 mm

354 4767 430 4816 rident
448 4779 502 4824 eos,
532 4781 591 4828 quae
608 4781 661 4814 rera
678 4765 708 4812 sit
725 4765 870 4828 eloquentiae
887 4779 938 4824 ars,
959 4764 1084 4813 laetissIma
1105 4779 1213 4828 quaeque
1232 4763 1380 4827 antiquorum
1400 4761 1486 4812 imitari
1506 4777 1534 4811 ac
1554 4761 1659 4826 gravitate

352 4857 463 4890 sensuum
480 4841 580 4890 nitorem
601 4839 734 4905 cultumque
754 4841 879 4890 sorborum
899 4839 1006 4889 miscere.
1451 4871 1453 4874 -

386 4918 425 4963 at.
447 4915 510 4964 Tum
521 4915 642 4966 Maternus
654 4915 762 4964 admonet
773 4915 915 4975 Messalam,
928 4923 965 4974 ut,
980 4922 1049 4968 mlssa
1063 4915 1210 4979 antiquomm
1222 4911 1368 4973 laudatione,
1387 4915 1426 4977 qni
1439 4927 1467 4964 sa
1479 4927 1526 4961 non
1538 4912 1656 4975 indigeant·

354 5005 444 5039 memor
462 4991 538 5054 potius
558 4992 662 5056 promissi
683 5005 764 5040 causas
785 4999 917 5056 expromat,
945 5005 987 5038 cur
1006 4989 1029 5038 in
1048 4997 1138 5037 tantum
1158 4989 1188 5038 ab
1208 4989 1339 5053 eloquentia
1359 5003 1439 5038 eornm
1461 4989 1579 5040 οοοοοοοοίῑ
1598 4993 1656 5033 ¹⁶¹³*

355 5065 474 5115 recentior.
510 5068 549 5115 ab.
569 5067 607 5116 hic
623 5067 723 5131 primunr
740 5066 821 5132 docet,
840 5067 934 5131 quinam
953 5065 1040 5129 antiqui
1056 5064 1102 5114 sint
1118 5047 1263 5128 appeIlandiq
1281 5064 1359 5129 plures
1379 5065 1450 5114 stiam
1466 5064 1557 5115 dicandi
1576 5063 1654 5111 leem

353 5139 435 5190 iisdem
454 5141 536 5192 seculis
555 5141 624 5190 luisse
644 5149 668 5190 et
690 5141 817 5206 medam
838 5139 923 5203 Calvi,
953 5140 1027 5192 Asinii
1057 5139 1202 5204 aliommque
1221 5139 1330 5190 sinuessa
1359 5139 1422 5206 qood
1441 5153 1498 5192 veru
1516 5153 1542 5190 ss
1560 5135 1650 5188 ede·
