3574 5878
325 433 387 500 itt
819 432 1007 499 CORNELII
1028 434 1162 500 TdClTl

390 592 450 676 (tr)
473 593 560 670 Quae
582 611 652 657 cum
674 592 803 658 dixisset
824 597 907 676 dper
927 595 1044 671 acrius,
1067 602 1101 660 ut
1113 594 1251 674 solebat,
1276 597 1438 663 etintento
1453 617 1521 672 ore,
1547 597 1657 663 remis·

327 729 379 772 eus
401 713 433 770 et
454 707 618 771 subridens
637 709 809 778 Maternus.
834 707 1013 782 Perpetem,
1037 707 1157 793 inquit,
1181 731 1232 775 me
1252 729 1316 776 non
1332 711 1498 776 minusdiu
1513 731 1659 776 accusare

326 829 467 884 oratores
497 837 590 904 quam
619 824 700 905 Aper
728 818 908 884 laudaverat
938 819 1018 904 (iore
1049 823 1130 887 euim
1151 821 1338 889 ‘arbitrabar
1366 833 1400 890 ut
1428 845 1446 889 a
1478 822 1658 889 laudatione

327 952 435 998 eorum
457 930 616 1016 digressus
638 935 824 998 detrectaret
843 940 951 1018 potetas
973 942 1066 1021 atque
1088 935 1261 1001 carminum
1283 936 1420 1002 studium
1433 937 1657 1025 prosterneret)

305 1053 391 1109 earte
413 1046 546 1131 martam
568 1045 734 1128 mitigavit,
766 1045 965 1111 concedendo
987 1049 1024 1112 iis
1047 1047 1101 1132 qui
1123 1069 1231 1114 causas
1253 1071 1347 1134 agere
1370 1072 1433 1115 non
1454 1059 1604 1136 possent,
1627 1057 1659 1114 ut

326 1177 434 1221 versus
456 1156 603 1222 lacerent.
628 1180 687 1242 ego
709 1166 812 1224 autem
834 1161 914 1224 sicut
936 1161 968 1224 iu
990 1161 1091 1226 causis
1112 1161 1240 1245 agendis
1262 1161 1388 1228 efficere
1403 1161 1522 1248 aliquid
1537 1173 1570 1228 et
1586 1161 1658 1226 auiti

324 1269 456 1336 fortasse
477 1290 623 1354 possum,
646 1271 689 1337 ita
709 1274 892 1337 recitatione
913 1275 1147 1357 tragoediarum
1168 1283 1200 1339 et
1213 1274 1335 1360 ingredi
1349 1273 1463 1340 lamam
1480 1273 1658 1360 auspicatus

325 1404 410 1458 snm,
442 1403 512 1449 cum
540 1382 667 1469 quidem
695 1385 929 1466 io†Neronem
959 1384 1135 1472 improbam
1164 1397 1195 1452 et
1224 1387 1398 1456 studiorum
1420 1408 1549 1475 qnoque
1572 1407 1657 1452 saera

326 1495 541 1579 profanantem
570 1497 683 1565 Vatinii
711 1497 882 1583 potentiam
909 1498 1004 1582 fregi:
1037 1510 1069 1564 et
1097 1501 1192 1566 bodie
1214 1501 1239 1566 si
1262 1501 1338 1588 quid
1359 1501 1392 1566 in
1413 1499 1507 1567 nobis
1529 1502 1658 1565 notitiae

287 1624 360 1674 trac
382 1610 516 1676 nominis
538 1619 596 1700 est,
622 1610 720 1696 magis
740 1610 876 1676 arbitror
897 1611 1067 1678 carminum
1089 1634 1182 1700 quam
1204 1616 1382 1679 orationum
1400 1615 1502 1699 gloria
1523 1622 1657 1700 partam.

326 1745 362 1787 ac
390 1723 450 1788 iam
479 1744 529 1788 me
558 1721 727 1808 deiungere
752 1744 770 1788 a
791 1722 910 1789 lorensi
937 1727 1045 1790 labore
1067 1727 1232 1803 constitui,
1263 1747 1322 1793 nee
1344 1729 1508 1792 comitatus
1531 1725 1608 1790 istos
1629 1735 1659 1790 et

325 1857 468 1922 egressus
490 1844 544 1902 aut
564 1837 772 1921 frequentiam
795 1836 1015 1905 salutationum
1038 1843 1242 1924 concupisco,
1266 1861 1328 1906 non
1351 1841 1449 1924 tnagis
1472 1859 1565 1926 quam
1587 1860 1657 1903 aera

326 1961 357 2014 et
383 1949 550 2036 imagines,
583 1971 663 2037 quae
692 1950 783 2016 etiam
806 1971 856 2016 me
878 1951 1004 2017 nolente
1026 1954 1057 2017 in
1080 1950 1208 2020 doraum
1231 1974 1331 2019 meam
1353 1955 1543 2039 irrumpunt.
1588 1973 1656 2017 uem

326 2071 438 2130 statum
460 2067 618 2151 hucusque
642 2085 678 2129 ae
699 2067 896 2130 securitatem
915 2065 1026 2132 melius
1045 2065 1223 2131 innocentia
1244 2075 1337 2132 tueor
1352 2087 1447 2151 qaam
1466 2064 1653 2150 eloquentla;

287 2195 384 2242 ¹⁵uec
406 2197 520 2243 vereor
540 2198 582 2241 ne
606 2179 681 2242 mihi
702 2199 840 2263 unquam
867 2176 962 2244 verba
986 2178 1018 2242 in
1041 2189 1151 2245 senatu
1173 2179 1233 2244 nisi
1253 2200 1311 2266 pro
1333 2179 1461 2245 alterius
1476 2178 1657 2244 discrimine

395 2389 422 2438 9.
443 2387 604 2446 Parantem,
624 2390 726 2454 ingerit.
756 2401 796 2437 me
814 2400 879 2439 nor:
910 2389 1012 2440 Parent
1029 2389 1092 2452 quid
1109 2391 1177 2438 enim
1192 2389 1288 2448 mel).
1321 2389 1348 2439 td
1367 2389 1438 2452 qnod
1458 2396 1547 2441 ortum
1566 2395 1607 2441 ast
1624 2402 1652 2440 er

328 2471 423 2522 prere.
443 2460 488 2508 sed
508 2459 644 2523 irascente
662 2464 789 2522 scriptura
808 2459 919 2522 inpuid:
949 2460 1053 2511 Parent
1069 2461 1202 2526 paidenim
1223 2457 1351 2522 (iunctim)
1369 2473 1409 2509 ma
1427 2461 1526 2519 Troas.
1555 2461 1653 2510 Paran-

327 2539 377 2582 tem
394 2543 449 2585 me,
468 2532 556 2592 inquit
575 2530 615 2588 Β,
634 2529 776 2580 Parantem
795 2528 856 2594 [mel
874 2532 960 2592 inquit
979 2531 1080 2582 litttero
1099 2537 1206 2580 anctore
1226 2531 1367 2589 Duebner.
1397 2531 1555 2584 Percntare,
1575 2533 1655 2594 iupait

327 2601 414 2652 deleto
434 2613 474 2648 me
494 2601 577 2656 Hesi.
598 2600 629 2648 1).
652 2623 682 2635 -
701 2601 727 2648 s.
747 2599 905 2650 laudaverat
923 2601 997 2650 en:
1017 2601 1139 2652 madanti
1158 2601 1275 2652 Acidalio
1294 2609 1401 2652 austere
1420 2601 1450 2651 li.
1475 2627 1505 2638 -
1531 2600 1558 2651 t.
1577 2603 1655 2651 detre-

327 2679 409 2722 ctaret
427 2669 467 2719 P:
485 2670 763 2722 aerrmraretrttn.
795 2697 822 2708 -
853 2679 878 2722 et
896 2673 1043 2721 eaneinam
1061 2672 1100 2730 P,
1128 2672 1175 2722 red
1193 2680 1271 2736 atque
1289 2672 1323 2722 ab
1342 2673 1434 2724 eadern
1454 2687 1490 2722 m.
1508 2684 1653 2734 superare,

327 2750 352 2796 et
372 2747 469 2802 punem
488 2749 605 2794 natatum
625 2747 654 2793 ut
672 2741 826 2793 delendum.
844 2769 876 2780 -
895 2742 921 2792 8.
940 2738 1042 2792 Neroni
1060 2743 1080 2792 P
1100 2751 1125 2794 et
1142 2742 1202 2792 Vat.
1223 2743 1300 2793 1862.
1316 2743 1355 2801 a,
1375 2743 1496 2794 timentia
1509 2742 1651 2794 tironortae

327 2813 406 2864 Obss.
426 2811 457 2869 3.
475 2812 522 2870 i..
543 2811 666 2865 Nesactio
684 2812 791 2864 Osanna
809 2820 918 2864 auctore
937 2811 1074 2872 Waltber.
1103 2813 1244 2870 Duebner.
1273 2812 1372 2864 lteram
1397 2811 1527 2872 Rupertta
1552 2819 1652 2864 auctore

328 2885 411 2941 lieet.
432 2883 506 2943 prob·
527 2882 559 2931 a.
582 2909 611 2920 ·-
632 2883 777 2944 improbam
795 2883 868 2934 nn:
889 2882 1067 2946 improbatam
1085 2884 1204 2934 aetdetto
1223 2883 1374 2934 auctorali.
1390 2907 1421 2918 -
1441 2885 1470 2935 9.
1486 2886 1652 2947 prapboaan·

327 2963 378 3005 tem
391 2955 450 3004 nr.
464 2979 497 2988 -
515 2954 638 3004 vaticinii
651 2954 680 3004 l’.
704 2954 859 3005 Emendartt
877 2953 1035 3022 Gronoytus.
1052 2978 1080 2990 -
1102 2963 1127 3005 et
1146 2962 1206 3006 ante
1224 2955 1300 3004 bodie
1318 2967 1369 3004 orn·
1383 2953 1414 3004 P.
1429 2978 1460 2991 -
1481 2957 1525 3004 10.
1543 2955 1652 3004 numinis

327 3037 459 3086 aapereer.
487 3026 535 3074 litt.
555 3039 574 3073 u
592 3039 606 3074 o
626 3031 652 3075 et
670 3038 689 3072 u
707 3030 804 3084 puncto
829 3024 1010 3076 subnotatum.
1035 3049 1069 3058 -
1101 3027 1143 3076 1¹.
1172 3041 1219 3076 rac
1245 3028 1299 3073 iarn
1326 3026 1466 3088 deiungere
1484 3025 1533 3074 Ra
1560 3027 1650 3076 'laese

328 3097 428 3145 rimmo
446 3109 485 3144 me
504 3095 606 3145 adest.»
627 3094 781 3144 Boucuruc.
811 3119 842 3130 -
873 3095 916 3146 19.
936 3097 1088 3156 irrumpant
1106 3095 1145 3146 1³:
1174 3096 1416 3157 irruperanrltb.
1438 3121 1466 3133 -
1497 3095 1651 3146 lb‘atctum

326 3169 450 3230 cuiusque
468 3166 503 3214 ad
521 3165 691 3216 securitatem
708 3165 770 3216 Pii.
800 3165 833 3215 iit
851 3178 912 3226 nos,
932 3166 1048 3226 Ltpatur.
1121 3195 1124 3204 «

328 3351 371 3400 «to
392 3350 495 3407 cauete,
520 3359 586 3410 aues
605 3361 657 3398 nou
677 3353 771 3411 sponte
792 3353 878 3398 nostra
898 3347 975 3412 elegi·
1012 3347 1050 3398 be
1070 3347 1244 3409 lnerptteabtlt
1264 3347 1315 3399 trec
1335 3347 1392 3399 loeo
1415 3360 1489 3412 agam
1515 3351 1542 3398 tn
1564 3349 1650 3401 Execr-

327 3443 402 3487 mur.
432 3428 478 3478 sed
499 3430 594 3488 pietate
612 3430 652 3479 ret
672 3428 749 3481 aldeli
769 3429 811 3479 rel
829 3431 973 3479 necessita·
1011 3441 1098 3479 eu.-
1123 3425 1230 3490 Vatinii]
1251 3427 1345 3478 Contra
1364 3429 1433 3478 bene
1451 3432 1580 3493 egregiam
1594 3428 1649 3478 tire·

328 3511 396 3560 dtnts
412 3510 540 3559 iniunctae
553 3511 743 3569 suscepimus-a
764 3507 915 3571 Oppouttur
927 3511 974 3560 ret·
1012 3510 1082 3560 nortl
1101 3511 1277 3558 coniecturam
1297 3508 1435 3558 Librorum
1461 3509 1585 3558 vaticinii
1611 3507 1649 3558 de·

326 3590 387 3640 licet
405 3590 454 3639 boc
474 3589 639 3648 praecedenti
659 3602 758 3639 ramere
777 3589 853 3638 ultro.
1012 3588 1120 3639 tendere
1148 3590 1232 3638 canati
1260 3595 1321 3636 sunt
1348 3587 1455 3639 Dureau
1480 3588 1513 3638 de
1535 3587 1648 3645 Lamalle,

366 3671 406 3718 it.
436 3671 537 3718 intento
557 3665 615 3731 ore]
638 3669 685 3718 uUt
705 3673 766 3732 dgr.
786 3667 819 3716 a:
848 3668 972 3722 intentus,
1013 3667 1147 3726 Barnoui.
1181 3667 1334 3726 Laciades,
1363 3667 1489 3718 Welcker
1510 3667 1650 3733 Trepidien

328 3747 483 3798 mittebam
500 3747 598 3796 Ernrta
627 3747 729 3812 (magna
755 3760 813 3798 rum
841 3761 973 3798 asserere·
1011 3748 1059 3796 itt.
1081 3761 1107 3809 p.
1132 3747 1230 3805 itta..
1259 3751 1306 3808 qut
1332 3761 1423 3798 eumer
1450 3751 1650 3808 tuterpretaatur

326 3832 415 3886 tione.
443 3840 504 3878 coer
521 3841 552 3877 aa
570 3826 719 3878 attemerare
741 3827 890 3889 Leuantlre)
911 3841 974 3891 oop-
1012 3828 1044 3878 de
1072 3829 1169 3879 lamosa
1199 3828 1241 3877 ttia
1269 3831 1342 3890 potet
1369 3827 1531 3879 Neroniana.
1562 3826 1650 3888 (lle'roa

328 3911 485 3969 poniturque
521 3905 664 3957 subridenti
699 3907 847 3957 blateras.»
882 3908 972 3958 bono.
1011 3908 1084 3958 aeait
1110 3907 1197 3958 barain
1224 3908 1254 3958 de
1279 3909 1397 3958 routenir
1423 3920 1537 3957 rervm
1555 3907 1651 3957 detaut

326 3989 421 4038 Parum
448 3993 507 4047 apte
536 3986 655 4047 plerique
684 3994 836 4046 comparant
855 3987 974 4050 lllrgttta·
1010 3987 1148 4049 l'appareit
1166 3988 1197 4037 de
1214 4001 1262 4037 ran
1277 3989 1390 4051 pauoris
1407 3987 1534 4047 beream
1560 3987 1651 4049 iejaur

327 4081 390 4119 nuru
409 4067 472 4116 titud
490 4067 633 4129 intentique
651 4065 843 4116 oratonebant·
866 4093 892 4105 -
914 4063 970 4130 diu]
1010 4065 1058 4126 oia,
1075 4080 1129 4127 par
1147 4069 1174 4117 ia
1192 4065 1310 4130 trape‘die
1327 4067 1358 4116 de
1376 4063 1478 4120 Neron,
1501 4067 1531 4131 J'e
1549 4081 1587 4116 me
1603 4065 1650 4115 auis

326 4148 465 4200 mentieeto
489 4146 617 4208 signifieat
643 4144 748 4196 «melete
767 4146 868 4204 verbis,
897 4146 972 4211 longa
1010 4145 1117 4210 atrapae'
1134 4143 1150 4191 b
1167 4159 1193 4196 ee
1211 4147 1427 4208 mcitreperoerr
1451 4149 1498 4210 qai
1520 4147 1649 4210 profancit

326 4231 473 4286 arationem
493 4225 778 4283 nannrebenranter,a
800 4226 974 4276 atlvotebant
1010 4225 1103 4276 t’e'tadr
1122 4225 1182 4276 d'un
1205 4229 1249 4275 art
1272 4226 1348 4276 sacri
1367 4226 1525 4284 Louandre;
1553 4227 1592 4275 die
1608 4223 1649 4272 lte

325 4305 476 4360 Boettlcber
494 4311 520 4356 et
537 4305 618 4354 Batb.
641 4330 669 4340 -
698 4301 867 4368 laudaverat]
895 4313 972 4357 rente
1010 4305 1126 4356 ranieebe
1145 4303 1331 4370 Sanaermaedt
1350 4305 1504 4365 Welelterlr
1536 4309 1649 4369 quasu-

327 4404 401 4449 ,ηερ
429 4387 555 4448 tmprtmte
583 4397 668 4447 usone
696 4384 728 4434 ad
756 4384 784 4435 C·
805 4385 848 4446 9.,
881 4400 895 4437 a
919 4399 972 4448 qua
1011 4399 1070 4437 meu
1090 4381 1648 4448 tuterpretattoperreconctdtttdeoqued

326 4469 416 4519 laudes
430 4467 558 4517 oratoriae
572 4464 701 4514 insultatis
719 4466 835 4516 modesta
856 4466 897 4517 tila
912 4472 973 4528 pat·
1010 4480 1033 4518 v.
1053 4465 1207 4515 vaticinium
1221 4478 1352 4528 nusquam
1366 4474 1509 4527 usurpatur
1523 4479 1568 4528 pro
1583 4464 1646 4526 poert

326 4559 409 4600 tarum
435 4549 566 4598 aceneetto
593 4548 699 4607 eretptt.
737 4545 972 4609 Ntbtlsaoeopue
1010 4558 1178 4606 deonerare
1197 4545 1271 4596 tuelle
1292 4549 1546 4609 usurpartpoterat,
1567 4549 1646 4604 utpote

325 4628 435 4680 beldettt
454 4627 586 4676 laudavit.
608 4651 635 4661 -
656 4623 770 4688 ingredi]
790 4639 815 4677 r.
836 4629 892 4677 stne
913 4639 973 4677 rau·
1010 4624 1081 4688 quod
1101 4625 1212 4674 ducatur
1230 4639 1282 4675 nou
1303 4625 1401 4676 directe
1419 4639 1433 4676 a
1452 4639 1476 4678 r·
1496 4633 1584 4680 actea,
1606 4623 1645 4672 set

325 4723 352 4760 ea
370 4712 521 4770 suspectum
541 4707 681 4755 Ernestto:
707 4707 884 4767 significanter
903 4711 972 4757 enim
1010 4719 1067 4756 aa.
1087 4707 1246 4762 vaticinari;
1275 4717 1432 4771 quamquem
1457 4719 1499 4756 ane
1519 4719 1571 4755 non
1588 4704 1643 4766 iugtt

326 4791 364 4840 etc
391 4791 468 4848 ritate,
502 4789 613 4847 primurn
641 4784 691 4834 boc
710 4784 789 4836 luisse
809 4789 883 4849 quest
900 4789 972 4838 rudi·
1011 4786 1211 4836 Ciceronianam
1237 4785 1302 4836 iliad
1336 4786 1368 4836 de
1396 4785 1554 4848 Empedocle
1580 4781 1640 4832 tart·

327 4875 442 4918 mentum
471 4879 502 4917 ac
529 4865 678 4914 tirocinium
715 4863 799 4915 lamae
834 4879 908 4918 suae.
942 4893 969 4903 -
1009 4865 1108 4927 'istie
1129 4866 1641 4929 agrigentinamgardencoeramqaee·

326 4943 467 5009 mitigavit]
488 4944 602 4996 oCalltde
624 4957 669 4994 sua
688 4952 743 4994 arte
761 4944 861 5005 edocti,
883 4953 911 4996 ut
924 4961 971 5010 ego
1008 4945 1071 4993 dam
1086 4945 1173 4993 viriam
1189 4945 1350 4995 carminibus
1363 4944 1470 4996 Graecia
1483 4946 1637 4994 vaticinatura

327 5039 433 5088 quoque
453 5026 555 5074 mitiore
570 5027 685 5074 oratione
700 5037 794 5076 usurus
808 5027 873 5087 alm,
891 5041 969 5089 quam
1007 5023 1111 5086 imunt,-
1130 5025 1173 5075 ubl
1190 5030 1276 5076 tamen
1289 5025 1383 5075 nonde
1398 5028 1489 5088 quaele
1506 5017 1636 5087 pessimat

324 5108 402 5157 tnttto
422 5105 484 5156 mtbt
504 5115 718 5166 proposueram.»
740 5129 768 5141 -
788 5107 817 5155 r'n
834 5103 969 5171 lt'eronem]
1008 5113 1107 5156 tanturn
1132 5105 1165 5156 de
1185 5104 1266 5156 Strati
1291 5105 1395 5156 cubitent
1421 5105 1464 5157 itta
1492 5118 1522 5157 aa
1538 5101 1636 5167 pbiloso-
