3630 5880
331 453 392 518 iio
684 449 873 518 CORNELII
893 449 1026 518 nicini
1046 451 1322 520 iiisroaiiitiiii

328 632 369 676 an
391 609 424 676 in
444 609 512 696 ipsa
534 607 667 676 Othonis
688 619 778 696 parte
799 632 857 678 aen
879 610 954 678 dolo
976 631 1034 678 seu
1054 609 1137 679 loric
1160 613 1350 689 surrexerit,
1380 631 1493 695 parum
1522 629 1673 698 comper·

327 731 405 788 tum.
423 725 541 790 omisso
562 745 685 811 pugnae
706 727 820 791 ardore
837 723 1006 791 Othoniani
1021 724 1103 792 ultro
1119 722 1314 802 salutamre3
1338 728 1369 787 ot
1384 719 1490 786 bostili
1505 740 1672 788 murmure

328 838 465 920 excepti,
488 836 645 924 plerisque
667 857 796 904 suorum
818 837 935 922 ignaris
957 859 1039 924 qnae
1061 859 1156 906 cansa
1177 837 1342 912 salutandi,
1365 843 1483 900 metum
1513 836 1671 920 proditio-

327 949 376 1014 nis
406 948 523 1017 iecere.
552 958 618 1016 tum
649 950 792 1018 incubuit
819 953 956 1016 bostium
991 953 1085 1030 acies,
1116 950 1248 1036 integris
1277 948 1460 1023 ordinibus,
1490 951 1609 1014 roboro
1641 954 1675 1012 et

305 1083 461 1129 enumero
499 1064 728 1149 praestantior:
776 1065 966 1141 Othoniani,
1007 1085 1196 1150 quamquam
1223 1063 1356 1149 dispersi
1383 1061 1548 1150 pauciores
1575 1060 1673 1137 lessi,

328 1176 483 1262 praelium
505 1183 608 1242 mmen
631 1179 747 1243 acriter
768 1196 943 1262 sumpsere.
968 1185 1000 1244 et
1020 1198 1080 1262 per
1101 1177 1189 1244 locos
1211 1175 1379 1244 arboribus
1401 1196 1438 1242 ac
1459 1175 1558 1241 vineis
1582 1175 1675 1262 inpe-

328 1289 410 1355 ditos
431 1310 496 1356 non
517 1311 579 1356 una
602 1310 725 1377 pugnae
747 1288 862 1356 iacies:
888 1292 1062 1358 comminus
1085 1289 1208 1358 eminus
1230 1289 1364 1356 catervis
1395 1298 1427 1355 et
1457 1288 1564 1356 cuneis
1594 1309 1672 1354 con-

327 1405 506 1470 currebant.
530 1405 562 1469 in
585 1424 701 1489 aggere
723 1402 793 1469 riae
821 1402 944 1469 conlato
967 1406 1069 1489 gradu
1097 1401 1282 1490 corporibus
1313 1413 1345 1470 ei
1372 1400 1562 1469 umbonibus
1592 1401 1671 1480 niti,

327 1518 444 1582 omisso
466 1515 602 1602 pilorum
622 1519 707 1583 iactu
728 1514 840 1601 gladiis
862 1525 895 1582 et
917 1517 1081 1584 securibus
1104 1517 1209 1602 galeas
1231 1516 1409 1604 loricasque
1441 1535 1669 1602 perrumpere:

231 1625 271 1729 fl
290 1637 494 1696 reposcentes
515 1631 597 1696 inter
617 1649 661 1704 se,
685 1628 799 1695 coieris
820 1629 999 1714 conspicui,
1025 1630 1059 1697 in
1088 1637 1234 1697 eventum
1265 1633 1362 1696 totius
1391 1627 1466 1694 belli
1494 1626 1670 1694 certabant.

329 1740 390 1826 (43)
412 1741 496 1808 sorio
517 1744 601 1808 inter
621 1744 741 1808 Padum
762 1744 920 1827 viamque,
943 1746 1063 1827 patenti
1086 1763 1209 1830 campo,
1233 1741 1313 1810 duae
1330 1745 1471 1828 legiones
1485 1761 1673 1826 congressae

328 1866 409 1933 sunt,
433 1875 493 1940 pro
514 1854 639 1921 Vitellio
661 1856 896 1932 unetvicesima,
920 1855 972 1922 cui
994 1875 1171 1942 cognomen
1194 1857 1328 1943 Rapaci,
1352 1865 1460 1922 vetere
1492 1854 1593 1938 gloria
1625 1857 1674 1920 in·

328 1967 442 2054 signis;
464 1989 482 2034 e
504 1978 593 2053 parte
615 1969 751 2033 Othonia
771 1969 874 2053 prima
894 1967 1049 2046 Adiutrix,
1072 1991 1136 2036 non
1158 1977 1230 2036 ante
1251 1969 1284 2034 in
1305 1968 1405 2034 aciem
1428 1968 1579 2045 deducta,
1613 1965 1670 2034 sed

327 2079 419 2147 ferox
443 2088 475 2148 et
495 2081 571 2148 novi
594 2083 719 2147 decoris
741 2079 844 2147 arida.
869 2083 1003 2167 primani
1026 2083 1131 2149 stratis
1151 2081 1491 2148 unetvicesimanorum
1508 2081 1671 2169 principiis

292 2196 464 2282 araquiiam
487 2192 659 2273 abstulere;
683 2215 745 2281 quo
767 2191 879 2261 dolore
901 2215 1031 2261 accensa
1052 2195 1135 2280 legio
1158 2204 1190 2260 ei
1210 2193 1323 2282 inpulit
1353 2215 1461 2262 rursus
1493 2197 1668 2280 primanos,

328 2306 494 2373 interiecto
517 2305 635 2374 Orfidio
659 2309 798 2392 Benigno
821 2307 938 2392 legato,
963 2318 995 2374 et
1015 2306 1148 2395 plurime
1170 2307 1259 2393 signa
1279 2307 1457 2395 vexillaque
1472 2329 1511 2374 ex
1527 2307 1671 2374 bostibns

328 2421 442 2506 rapuit
466 2441 485 2486 a
505 2429 595 2504 parto
624 2418 685 2486 alia
711 2422 864 2505 propulsa
895 2421 1115 2507 quintanorum
1147 2420 1268 2506 impetn
1297 2421 1389 2487 tertia
1416 2421 1540 2488 decima
1567 2420 1670 2508 legio;

329 2533 532 2600 circumventi
562 2531 698 2620 plurium
729 2535 864 2599 adcursu
899 2533 1177 2619 quartadecimani.
1212 2543 1244 2600 et
1276 2533 1410 2600 ducibus
1443 2533 1574 2600 Othonis
1609 2533 1671 2599 iam

327 2648 452 2734 pridem
480 2643 639 2732 prologis,
674 2645 806 2711 Caecina
841 2667 877 2711 ac
907 2646 1022 2713 Valens
1055 2648 1203 2714 subsidiis
1230 2668 1305 2714 suos
1333 2647 1509 2712 firmabant.
1540 2646 1672 2713 accesdi

290 2779 441 2831 serenans
463 2759 625 2836 auxilinm,
647 2759 750 2825 Varus
771 2757 911 2824 Alledius
939 2781 1010 2826 cum
1041 2763 1183 2837 Batavis,
1217 2761 1287 2826 insa
1318 2759 1524 2846 gladiatorum
1556 2780 1669 2835 mann,

328 2895 422 2961 quam
438 2873 568 2941 navibus
582 2880 789 2939 nauseantem
804 2874 969 2958 obpositae
991 2875 1137 2940 cohortes
1152 2876 1184 2940 in
1199 2872 1268 2960 ipso
1285 2876 1413 2938 ilumine
1427 2874 1669 2940 trucidaverant

397 3049 425 3100 2.
444 3047 593 3099 omiaaeiii.
614 3069 645 3083 -
671 3045 697 3097 5.
716 3052 799 3108 preat.
819 3043 858 3096 ii.
885 3069 916 3082 -
947 3044 975 3096 it.
993 3047 1050 3111 inp.
1069 3045 1116 3100 ila
1144 3046 1207 3108 imp.
1228 3045 1259 3095 Β.
1286 3069 1319 3080 -
1349 3045 1376 3096 7.
1397 3043 1484 3098 Habet
1501 3045 1605 3095 eminus
1623 3043 1669 3102 ii,

328 3132 381 3170 non
400 3122 550 3184 miransque
568 3119 634 3181 ling.
654 3116 715 3181 dgr.
736 3116 805 3167 liud.
825 3116 918 3178 spir..
937 3115 1062 3168 Ernestii.
1084 3142 1115 3154 -
1133 3116 1160 3166 8.
1187 3115 1256 3167 cont.
1276 3116 1317 3167 ii:
1343 3115 1402 3166 coti.
1424 3117 1454 3165 Β.
1475 3140 1507 3152 -
1534 3115 1561 3166 2.
1580 3115 1670 3180 glodi-

328 3191 375 3240 ονε
394 3191 440 3250 ii,
465 3189 605 3252 picridibus
625 3187 694 3248 spir.
717 3211 746 3224 -
774 3181 1017 3250 perciperetur
1036 3190 1218 3246 correctione,
1238 3193 1267 3236 ut
1287 3185 1402 3238 ridetur.
1424 3210 1456 3222 -
1482 3187 1526 3238 12.
1545 3187 1668 3238 canstat·

327 3261 537 3314 00000011.-
556 3259 600 3310 14.
618 3259 669 3308 aua·
687 3269 746 3308 cum
766 3256 811 3309 iio.
831 3271 913 3319 anper
932 3258 981 3308 itit.
1000 3272 1019 3307 aa
1037 3257 1138 3320 (noant)
1152 3257 1189 3308 ii.
1204 3282 1238 3292 -
1256 3259 1592 3308 annectuicaaatmoaoraana
1610 3253 1670 3321 (aial

327 3332 366 3382 ii.
388 3357 415 3368 -
438 3331 483 3381 ib.
501 3331 557 3392 inp.
572 3329 616 3380 bia
636 3330 699 3389 imp.
715 3327 747 3376 Β.
761 3352 795 3362 -
814 3327 857 3379 io.
878 3327 978 3394 Orfidio
992 3327 1036 3380 ila
1057 3328 1185 3390 Orpia'da‘o
1204 3328 1236 3378 Β.
1258 3353 1287 3365 -
1309 3328 1352 3379 18.
1371 3327 1432 3379 oda.
1451 3326 1495 3380 ida
1516 3341 1571 3379 oce.
1591 3328 1625 3378 Β.
1638 3351 1668 3364 -

327 3401 372 3451 20.
390 3415 504 3452 corrosa
521 3400 560 3452 ii.
583 3423 612 3437 -
633 3398 752 3464 dilanias
768 3400 860 3462 scripsi
881 3404 910 3448 nt
927 3410 1026 3460 supraa
1054 3399 1161 3462 Alsenos
1179 3398 1209 3450 ii
1228 3397 1259 3450 B.
1277 3419 1310 3435 -
1340 3398 1384 3450 21.
1404 3397 1532 3462 obpa'aa'ina
1549 3396 1609 3464 (ais)
1629 3395 1668 3459 ai,

327 3472 465 3535 oppositae
482 3469 513 3523 Β.

362 3608 406 3658 42.
426 3621 470 3658 aaa
488 3603 560 3672 doio]
579 3606 618 3659 ita
638 3606 713 3658 Suet.
734 3607 767 3657 0.
786 3606 858 3659 0.-
878 3605 981 3657 arbori·
1017 3611 1134 3659 moratur
1152 3607 1260 3671 quidam
1280 3604 1372 3657 (1.24.
1392 3608 1420 3658 in
1445 3605 1542 3659 leviora
1567 3607 1668 3669 proelio

327 3687 375 3739 baa
393 3701 425 3738 oc
443 3684 537 3750 ainau]
558 3684 611 3737 Cir.
632 3685 662 3738 C.
682 3687 726 3737 25.
748 3711 777 3723 -
797 3682 867 3749 ntae]
886 3686 979 3736 Postu·
1017 3687 1049 3738 ad
1077 3687 1165 3738 iorum
1193 3686 1329 3738 Castorum
1357 3692 1478 3738 vocaturn
1509 3691 1667 3748 commisso,

328 3770 406 3828 antae,
427 3772 456 3818 ui
473 3765 505 3816 C.
523 3763 567 3815 24.
590 3765 718 3827 Compara
738 3763 871 3815 Piuaarabi
891 3779 979 3816 narra·
1016 3781 1107 3818 rorum
1125 3767 1157 3818 ad
1177 3766 1366 3818 decertandum
1385 3769 1535 3828 pervenisse
1555 3780 1608 3819 non
1632 3771 1668 3820 ai·

328 3851 426 3899 tionem
446 3847 525 3898 buius
544 3859 648 3909 pugnae
668 3845 698 3897 G.
719 3845 977 3908 iracundiores.
1017 3847 1104 3899 detur·
1124 3873 1152 3885 -
1171 3843 1323 3910 principiis]
1349 3851 1439 3910 primis
1458 3849 1611 3903 ordinibus.
1639 3851 1669 3899 nt

327 3953 365 3982 -.
380 3922 521 3989 comptem]
540 3933 633 3988 utpote
653 3927 678 3976 tn
697 3938 790 3990 assere
804 3928 872 3975 riae.
894 3925 976 3976 inan.
1017 3930 1070 3980 sai.
1090 3931 1148 3992 ing.
1168 3928 1216 3979 54:
1236 3927 1357 3978 Mariam
1371 3936 1433 3989 porr
1457 3929 1595 3993 principio
1620 3930 1667 3978 ia-

327 4006 492 4058 Describitur
510 4006 555 4057 bic
573 4009 639 4057 ratio
653 4008 679 4057 in
693 4018 786 4069 aggere
805 4011 977 4068 pugnantium
1015 4010 1083 4061 bere.
1103 4009 1160 4061 bia.
1179 4009 1206 4065 2,
1226 4007 1270 4058 05.
1291 4007 1318 4069 3,
1337 4008 1465 4060 220101.
1485 4009 1534 4058 ¹2:
1554 4003 1667 4072 πάντας

328 4090 432 4139 direraa
451 4086 483 4138 ab
500 4099 602 4147 eorum,
623 4088 669 4149 qui
690 4098 736 4147 per
755 4085 825 4136 iocea
839 4085 977 4136 arboribus
1015 4085 1093 4153 ὁμοῦ
1112 4104 1140 4140 τι
1159 4085 1230 4151 τούς
1244 4084 1418 4157 προμάχους
1429 4083 1666 4152 ἀποκτείναντες.

328 4181 359 4221 ac
378 4169 462 4219 aineia
482 4166 632 4228 impeditos.
653 4164 774 4216 Wanrn.
795 4190 828 4200 —
844 4172 978 4215 coarantes
1015 4169 1176 4219 Praetoriani
1201 4167 1336 4230 quomodo
1356 4170 1511 4230 pugnarint,
1531 4181 1584 4218 non
1606 4181 1667 4219 nar·

327 4250 396 4299 inter
413 4245 450 4310 ael
471 4245 521 4296 Dio
539 4245 584 4304 05,
604 4245 654 4296 it:
679 4246 869 4316 γνωρίζοντες
892 4239 978 4312 ‹iliri-
1015 4255 1055 4299 rat
1073 4249 1197 4307 Tacitum
1217 4260 1307 4298 veruna
1327 4246 1398 4298 Piut.
1419 4246 1436 4298 i.
1457 4245 1492 4297 l.:
1519 4243 1666 4310 Aabxanrn

326 4326 407 4390 λους.
426 4325 471 4377 Sic
489 4325 545 4377 Cic.
566 4325 599 4376 ad
618 4325 672 4374 btt.
692 4324 719 4383 e,
734 4325 764 4374 i:
786 4325 919 4375 Cicerones
929 4337 978 4388 pu·
1013 4326 1038 4378 δ’
1056 4323 1241 4396 ἠγωνίσαντο
1268 4325 1385 4378 πάντων
1404 4327 1434 4378 ui
1452 4333 1663 4398 στρατηγικοί,

327 4409 365 4456 ert
383 4411 476 4456 omont
500 4407 572 4455 inter
594 4417 629 4455 aa.
649 4429 683 4438 -
701 4405 730 4453 ira
753 4409 872 4454 mentum
897 4405 978 4454 totius
1013 4405 1080 4474 μηδ’
1099 4403 1174 4460 ὅσον
1193 4404 1225 4456 ἐν
1243 4405 1326 4476 χερσὶ
1345 4403 1482 4474 γενέσθαι
1499 4404 1570 4470 τοὺς
1582 4405 1665 4458 ἐναν-

327 4485 387 4536 batia'
405 4481 552 4548 cnioboot]
573 4483 724 4540 lectissime.
745 4484 819 4546 quasi
840 4498 870 4535 aa
884 4497 975 4534 eorum
1014 4490 1095 4552 τίους
1113 4481 1334 4552 ὑπομείναντες,
1353 4481 1427 4536 ἀλλὰ
1445 4483 1579 4550 καὶτοὺς
1595 4482 1665 4556 οἰητ-

327 4568 424 4617 virtute
444 4568 523 4617 tniiua
541 4563 602 4616 boiii
622 4569 732 4616 eventus
758 4563 897 4625 penderet.
923 4564 977 4615 lin·
1014 4567 1120 4634 τήτους
1135 4560 1182 4617 ἔτι
1199 4562 1300 4628 φόβου
1319 4565 1368 4614 καί
1386 4565 1516 4635 ταραχῆς
1544 4561 1664 4631 ἀντττίμ·

326 4657 421 4697 anrara.
1014 4645 1129 4698 τλασαν
1147 4639 1309 4710 φεύγοντος
1326 4638 1482 4695 διἀτῖτῶν.
1497 4669 1527 4681 -
1549 4640 1662 4711 Orfidio]

361 4725 406 4775 43.
425 4721 538 4789 linpooi]
558 4719 661 4795 Ἅρπαξ
675 4723 744 4774 Plut.
761 4722 805 4772 12.
825 4723 864 4773 ita
881 4735 978 4788 cogno·
1014 4724 1174 4789 Orpbtdiaa,
1201 4722 1346 4784 orpiaiioa,
1372 4722 1513 4784 Alpbena'ua
1536 4723 1662 4787 hybridae

327 4808 424 4856 minata
435 4805 554 4862 ridetur,
566 4802 637 4866 quod
648 4805 705 4854 eiua
718 4804 828 4866 legionis
842 4809 922 4855 virtus
934 4817 976 4856 aa·
1014 4811 1075 4855 sunt
1101 4805 1264 4864 scripturae,
1291 4812 1344 4851 non
1370 4805 1421 4852 iarn
1447 4802 1608 4855 tolerandae.
1629 4829 1660 4840 -

328 4882 368 4934 lut
387 4890 489 4935 terrena
507 4887 595 4940 cannia
615 4894 706 4934 aecum
726 4889 838 4944 reperet.
868 4882 922 4933 Cir.
945 4883 974 4934 C.
1014 4897 1031 4932 o
1048 4887 1126 4947 parto
1144 4877 1211 4945 olio]
1231 4882 1258 4931 in
1276 4883 1382 4932 sinistro
1400 4893 1482 4934 cornu
1497 4882 1661 4935 Othoniano·

327 4965 389 5014 100.
403 4961 430 5022 Β,
443 4963 487 5012 aa.
507 4964 594 5014 Bion.
614 4957 696 5026 (Sane
716 4969 756 5013 eat
772 4960 974 5025 dialier'aaarade,
1013 4977 1079 5014 rum.
1100 4962 1205 5011 Busan.
1226 4961 1472 5012 -tertiodecimo
1491 4959 1568 5026 legio]
1592 4976 1660 5026 guae

327 5055 379 5094 non
392 5043 433 5092 die
443 5039 634 5104 nouissimis.)
654 5066 683 5079 -
702 5055 757 5092 noc
771 5043 876 5090 anicia
893 5042 977 5093 aciem
1013 5056 1043 5095 ea
1072 5043 1176 5107 illyrico
1203 5041 1354 5093 advenerat.
1383 5065 1415 5078 -
1449 5041 1660 5104 quartodecimo·

328 5117 451 5185 deducto]
468 5121 548 5186 Legio
567 5127 650 5185 prima
669 5121 909 5175 ciaaaicaiidiutrix
922 5135 977 5175 me·
1011 5118 1052 5186 nt]
1071 5123 1205 5174 dumtaxat
1228 5121 1354 5174 auxiliarii
1380 5123 1448 5173 eiua.
1477 5120 1530 5173 Cir.
1557 5122 1587 5175 G.
1606 5119 1651 5175 biir
