<?xml version="1.0" encoding="UTF-8"?>
<!DOCTYPE html PUBLIC "-//W3C//DTD XHTML 1.0 Transitional//EN"
    "http://www.w3.org/TR/xhtml1/DTD/xhtml1-transitional.dtd">
<html xmlns="http://www.w3.org/1999/xhtml" xml:lang="en" lang="en">
 <head>
  <title>
</title>
<meta http-equiv="Content-Type" content="text/html;charset=utf-8" />
  <meta name='ocr-system' content='tesseract 3.04.00' />
  <meta name='ocr-capabilities' content='ocr_page ocr_carea ocr_par ocr_line ocrx_word'/>
</head>
<body>
  <div class='ocr_page' id='page_1' title='image "./ccorneliitaciti30tacigoog/ccorneliitaciti30tacigoog_0116.png"; bbox 0 0 3630 5880; ppageno 0'>
   <div class='ocr_carea' id='block_1_1' title="bbox 493 479 1463 567">
    <p class='ocr_par' dir='ltr' id='par_1_1' title="bbox 493 479 1463 567">
     <span class='ocr_line' id='line_1_1' title="bbox 493 479 1463 567; baseline 0.003 -23"><span class='ocrx_word' id='word_1_1' title='bbox 493 479 614 544; x_wconf 79' lang='lat' dir='ltr'>mauu</span> <span class='ocrx_word' id='word_1_2' title='bbox 635 481 674 550; x_wconf 81' lang='lat' dir='ltr'>tt</span> <span class='ocrx_word' id='word_1_3' title='bbox 717 482 789 567; x_wconf 72' lang='lat' dir='ltr'>cap.</span> <span class='ocrx_word' id='word_1_4' title='bbox 811 484 864 546; x_wconf 84' lang='lat' dir='ltr'>ar.</span> <span class='ocrx_word' id='word_1_5' title='bbox 888 483 940 548; x_wconf 84' lang='lat' dir='ltr'>aa.</span> <span class='ocrx_word' id='word_1_6' title='bbox 964 483 1014 546; x_wconf 86' lang='lat' dir='ltr'>as.</span> <span class='ocrx_word' id='word_1_7' title='bbox 1038 483 1089 548; x_wconf 90' lang='lat' dir='ltr'>ao.</span> <span class='ocrx_word' id='word_1_8' title='bbox 1404 484 1463 548; x_wconf 88' lang='lat' dir='ltr'>roa</span> 
     </span>
    </p>
   </div>
   <div class='ocr_carea' id='block_1_2' title="bbox 131 635 1559 3440">
    <p class='ocr_par' dir='ltr' id='par_1_2' title="bbox 131 635 1559 3440">
     <span class='ocr_line' id='line_1_2' title="bbox 132 635 1465 724; baseline 0.005 -23"><span class='ocrx_word' id='word_1_9' title='bbox 132 642 227 714; x_wconf 88' lang='lat' dir='ltr'>retur,</span> <span class='ocrx_word' id='word_1_10' title='bbox 251 657 316 703; x_wconf 93' lang='lat' dir='ltr'>non</span> <span class='ocrx_word' id='word_1_11' title='bbox 337 635 572 722; x_wconf 89' lang='lat' dir='ltr'>abrumpendos</span> <span class='ocrx_word' id='word_1_12' title='bbox 593 649 629 706; x_wconf 93' lang='lat' dir='ltr'>ut</span> <span class='ocrx_word' id='word_1_13' title='bbox 650 639 779 723; x_wconf 80' lang='lat' dir='ltr'>corpori</span> <span class='ocrx_word' id='word_1_14' title='bbox 800 638 1007 706; x_wconf 86' lang='lat' dir='ltr'>validissimos</span> <span class='ocrx_word' id='word_1_15' title='bbox 1027 646 1124 706; x_wconf 92' lang='lat' dir='ltr'>artus.</span> <span class='ocrx_word' id='word_1_16' title='bbox 1142 637 1206 724; x_wconf 78' lang='lat' dir='ltr'>(tu)</span> <span class='ocrx_word' id='word_1_17' title='bbox 1227 643 1305 706; x_wconf 91' lang='lat' dir='ltr'>baec</span> <span class='ocrx_word' id='word_1_18' title='bbox 1318 639 1465 708; x_wconf 76' lang='lat' dir='ltr'>ferociter</span> 
     </span>
     <span class='ocr_line' id='line_1_3' title="bbox 131 749 1465 837; baseline 0.004 -22"><span class='ocrx_word' id='word_1_19' title='bbox 131 749 288 826; x_wconf 87' lang='lat' dir='ltr'>iactando,</span> <span class='ocrx_word' id='word_1_20' title='bbox 317 758 483 837; x_wconf 88' lang='lat' dir='ltr'>postquam</span> <span class='ocrx_word' id='word_1_21' title='bbox 511 753 646 818; x_wconf 74' lang='lat' dir='ltr'>inmissis</span> <span class='ocrx_word' id='word_1_22' title='bbox 674 751 839 819; x_wconf 81' lang='lat' dir='ltr'>lictoribus</span> <span class='ocrx_word' id='word_1_23' title='bbox 866 753 979 819; x_wconf 89' lang='lat' dir='ltr'>Valens</span> <span class='ocrx_word' id='word_1_24' title='bbox 1005 761 1152 819; x_wconf 77' lang='lat' dir='ltr'>coercere</span> <span class='ocrx_word' id='word_1_25' title='bbox 1180 753 1365 820; x_wconf 76' lang='lat' dir='ltr'>seditionem</span> <span class='ocrx_word' id='word_1_26' title='bbox 1392 773 1465 820; x_wconf 90' lang='lat' dir='ltr'>coe-</span> 
     </span>
     <span class='ocr_line' id='line_1_4' title="bbox 132 863 1466 951; baseline 0.003 -23"><span class='ocrx_word' id='word_1_27' title='bbox 132 866 247 947; x_wconf 88' lang='lat' dir='ltr'>ptabat,</span> <span class='ocrx_word' id='word_1_28' title='bbox 269 867 371 950; x_wconf 89' lang='lat' dir='ltr'>ipsum</span> <span class='ocrx_word' id='word_1_29' title='bbox 393 863 552 938; x_wconf 85' lang='lat' dir='ltr'>invadunt,</span> <span class='ocrx_word' id='word_1_30' title='bbox 574 885 649 931; x_wconf 82' lang='lat' dir='ltr'>saxa</span> <span class='ocrx_word' id='word_1_31' title='bbox 670 867 796 941; x_wconf 85' lang='lat' dir='ltr'>iaciunt,</span> <span class='ocrx_word' id='word_1_32' title='bbox 820 866 990 950; x_wconf 89' lang='lat' dir='ltr'>lugientem</span> <span class='ocrx_word' id='word_1_33' title='bbox 1019 875 1202 951; x_wconf 90' lang='lat' dir='ltr'>sequuntur.</span> <span class='ocrx_word' id='word_1_34' title='bbox 1224 864 1324 950; x_wconf 89' lang='lat' dir='ltr'>spolia</span> <span class='ocrx_word' id='word_1_35' title='bbox 1352 865 1466 932; x_wconf 88' lang='lat' dir='ltr'>Gallia·</span> 
     </span>
     <span class='ocr_line' id='line_1_5' title="bbox 132 977 1466 1064; baseline 0.001 -22"><span class='ocrx_word' id='word_1_36' title='bbox 132 996 198 1042; x_wconf 88' lang='lat' dir='ltr'>rum</span> <span class='ocrx_word' id='word_1_37' title='bbox 220 984 253 1042; x_wconf 89' lang='lat' dir='ltr'>et</span> <span class='ocrx_word' id='word_1_38' title='bbox 274 977 500 1044; x_wconf 81' lang='lat' dir='ltr'>Viennensium</span> <span class='ocrx_word' id='word_1_39' title='bbox 523 985 688 1044; x_wconf 81' lang='lat' dir='ltr'>autumet</span> <span class='ocrx_word' id='word_1_40' title='bbox 715 981 813 1064; x_wconf 87' lang='lat' dir='ltr'>pretia</span> <span class='ocrx_word' id='word_1_41' title='bbox 843 979 987 1045; x_wconf 90' lang='lat' dir='ltr'>laborum</span> <span class='ocrx_word' id='word_1_42' title='bbox 1016 999 1143 1044; x_wconf 91' lang='lat' dir='ltr'>suorum</span> <span class='ocrx_word' id='word_1_43' title='bbox 1172 979 1327 1045; x_wconf 88' lang='lat' dir='ltr'>occultare</span> <span class='ocrx_word' id='word_1_44' title='bbox 1358 978 1466 1044; x_wconf 90' lang='lat' dir='ltr'>clami·</span> 
     </span>
     <span class='ocr_line' id='line_1_6' title="bbox 131 1089 1487 1178; baseline 0.006 -24"><span class='ocrx_word' id='word_1_45' title='bbox 131 1097 239 1165; x_wconf 84' lang='lat' dir='ltr'>lantes,</span> <span class='ocrx_word' id='word_1_46' title='bbox 264 1092 393 1177; x_wconf 77' lang='lat' dir='ltr'>direptis</span> <span class='ocrx_word' id='word_1_47' title='bbox 414 1091 554 1161; x_wconf 86' lang='lat' dir='ltr'>sarcinis.</span> <span class='ocrx_word' id='word_1_48' title='bbox 577 1089 776 1157; x_wconf 89' lang='lat' dir='ltr'>tabernacula</span> <span class='ocrx_word' id='word_1_49' title='bbox 798 1093 885 1158; x_wconf 90' lang='lat' dir='ltr'>ducis</span> <span class='ocrx_word' id='word_1_50' title='bbox 906 1091 1070 1177; x_wconf 82' lang='lat' dir='ltr'>ipsamque</span> <span class='ocrx_word' id='word_1_51' title='bbox 1091 1092 1222 1157; x_wconf 88' lang='lat' dir='ltr'>humum</span> <span class='ocrx_word' id='word_1_52' title='bbox 1244 1091 1315 1178; x_wconf 90' lang='lat' dir='ltr'>pilis</span> <span class='ocrx_word' id='word_1_53' title='bbox 1342 1099 1373 1158; x_wconf 90' lang='lat' dir='ltr'>et</span> <span class='ocrx_word' id='word_1_54' title='bbox 1400 1092 1487 1162; x_wconf 83' lang='lat' dir='ltr'>len-s</span> 
     </span>
     <span class='ocr_line' id='line_1_7' title="bbox 132 1203 1466 1290; baseline 0.001 -22"><span class='ocrx_word' id='word_1_55' title='bbox 132 1203 193 1268; x_wconf 89' lang='lat' dir='ltr'>ceis</span> <span class='ocrx_word' id='word_1_56' title='bbox 214 1205 420 1270; x_wconf 87' lang='lat' dir='ltr'>rimabuntur.</span> <span class='ocrx_word' id='word_1_57' title='bbox 446 1224 519 1270; x_wconf 90' lang='lat' dir='ltr'>uam</span> <span class='ocrx_word' id='word_1_58' title='bbox 539 1204 652 1270; x_wconf 88' lang='lat' dir='ltr'>Valens</span> <span class='ocrx_word' id='word_1_59' title='bbox 673 1204 782 1270; x_wconf 84' lang='lat' dir='ltr'>servili</span> <span class='ocrx_word' id='word_1_60' title='bbox 804 1213 889 1271; x_wconf 87' lang='lat' dir='ltr'>veste</span> <span class='ocrx_word' id='word_1_61' title='bbox 911 1203 994 1289; x_wconf 92' lang='lat' dir='ltr'>apud</span> <span class='ocrx_word' id='word_1_62' title='bbox 1017 1207 1218 1270; x_wconf 79' lang='lat' dir='ltr'>decurionem</span> <span class='ocrx_word' id='word_1_63' title='bbox 1249 1206 1389 1290; x_wconf 91' lang='lat' dir='ltr'>equiturn</span> <span class='ocrx_word' id='word_1_64' title='bbox 1419 1213 1466 1270; x_wconf 91' lang='lat' dir='ltr'>te-</span> 
     </span>
     <span class='ocr_line' id='line_1_8' title="bbox 132 1315 1465 1404; baseline 0.002 -23"><span class='ocrx_word' id='word_1_65' title='bbox 132 1319 275 1400; x_wconf 76' lang='lat' dir='ltr'>gebatur.</span> <span class='ocrx_word' id='word_1_66' title='bbox 299 1326 364 1382; x_wconf 89' lang='lat' dir='ltr'>tum</span> <span class='ocrx_word' id='word_1_67' title='bbox 387 1315 528 1383; x_wconf 74' lang='lat' dir='ltr'>Alieuius</span> <span class='ocrx_word' id='word_1_68' title='bbox 548 1320 649 1383; x_wconf 82' lang='lat' dir='ltr'>Vama</span> <span class='ocrx_word' id='word_1_69' title='bbox 670 1318 846 1402; x_wconf 87' lang='lat' dir='ltr'>praelectus</span> <span class='ocrx_word' id='word_1_70' title='bbox 877 1326 1066 1392; x_wconf 87' lang='lat' dir='ltr'>castrorum,</span> <span class='ocrx_word' id='word_1_71' title='bbox 1099 1315 1288 1402; x_wconf 82' lang='lat' dir='ltr'>deflagrante</span> <span class='ocrx_word' id='word_1_72' title='bbox 1314 1319 1465 1404; x_wconf 87' lang='lat' dir='ltr'>paulatim</span> 
     </span>
     <span class='ocr_line' id='line_1_9' title="bbox 134 1427 1467 1514; baseline 0.002 -20"><span class='ocrx_word' id='word_1_73' title='bbox 134 1429 298 1505; x_wconf 90' lang='lat' dir='ltr'>seditione,</span> <span class='ocrx_word' id='word_1_74' title='bbox 320 1427 406 1495; x_wconf 90' lang='lat' dir='ltr'>addit</span> <span class='ocrx_word' id='word_1_75' title='bbox 427 1430 602 1505; x_wconf 89' lang='lat' dir='ltr'>consilium,</span> <span class='ocrx_word' id='word_1_76' title='bbox 627 1431 730 1496; x_wconf 86' lang='lat' dir='ltr'>vetitis</span> <span class='ocrx_word' id='word_1_77' title='bbox 752 1431 841 1496; x_wconf 91' lang='lat' dir='ltr'>obire</span> <span class='ocrx_word' id='word_1_78' title='bbox 862 1431 983 1514; x_wconf 84' lang='lat' dir='ltr'>vigilias</span> <span class='ocrx_word' id='word_1_79' title='bbox 1005 1431 1257 1511; x_wconf 84' lang='lat' dir='ltr'>centurionibus,</span> <span class='ocrx_word' id='word_1_80' title='bbox 1278 1431 1397 1497; x_wconf 88' lang='lat' dir='ltr'>omisso</span> <span class='ocrx_word' id='word_1_81' title='bbox 1418 1438 1467 1497; x_wconf 93' lang='lat' dir='ltr'>tu·</span> 
     </span>
     <span class='ocr_line' id='line_1_10' title="bbox 134 1517 1466 1629; baseline 0.001 -21"><span class='ocrx_word' id='word_1_82' title='bbox 134 1545 193 1608; x_wconf 92' lang='lat' dir='ltr'>bae</span> <span class='ocrx_word' id='word_1_83' title='bbox 215 1563 304 1619; x_wconf 87' lang='lat' dir='ltr'>sono,</span> <span class='ocrx_word' id='word_1_84' title='bbox 328 1521 504 1629; x_wconf 23' lang='lat' dir='ltr'>quo-miles</span> <span class='ocrx_word' id='word_1_85' title='bbox 523 1517 566 1608; x_wconf 74' lang='lat' dir='ltr'>ad</span> <span class='ocrx_word' id='word_1_86' title='bbox 588 1542 662 1610; x_wconf 90' lang='lat' dir='ltr'>belii</span> <span class='ocrx_word' id='word_1_87' title='bbox 684 1546 790 1609; x_wconf 89' lang='lat' dir='ltr'>munia</span> <span class='ocrx_word' id='word_1_88' title='bbox 811 1547 921 1610; x_wconf 87' lang='lat' dir='ltr'>cietur.</span> <span class='ocrx_word' id='word_1_89' title='bbox 943 1546 1037 1629; x_wconf 89' lang='lat' dir='ltr'>igitur</span> <span class='ocrx_word' id='word_1_90' title='bbox 1055 1553 1182 1629; x_wconf 90' lang='lat' dir='ltr'>torpere</span> <span class='ocrx_word' id='word_1_91' title='bbox 1198 1542 1310 1624; x_wconf 89' lang='lat' dir='ltr'>cuncti,</span> <span class='ocrx_word' id='word_1_92' title='bbox 1332 1543 1466 1609; x_wconf 84' lang='lat' dir='ltr'>circurn-</span> 
     </span>
     <span class='ocr_line' id='line_1_11' title="bbox 133 1655 1504 1744; baseline 0 -24"><span class='ocrx_word' id='word_1_93' title='bbox 133 1665 273 1739; x_wconf 89' lang='lat' dir='ltr'>spectare</span> <span class='ocrx_word' id='word_1_94' title='bbox 294 1657 377 1722; x_wconf 89' lang='lat' dir='ltr'>inter</span> <span class='ocrx_word' id='word_1_95' title='bbox 397 1677 431 1721; x_wconf 90' lang='lat' dir='ltr'>so</span> <span class='ocrx_word' id='word_1_96' title='bbox 453 1655 576 1722; x_wconf 76' lang='lat' dir='ltr'>attoniti</span> <span class='ocrx_word' id='word_1_97' title='bbox 598 1665 629 1722; x_wconf 93' lang='lat' dir='ltr'>et</span> <span class='ocrx_word' id='word_1_98' title='bbox 650 1656 683 1724; x_wconf 91' lang='lat' dir='ltr'>id</span> <span class='ocrx_word' id='word_1_99' title='bbox 705 1657 817 1744; x_wconf 89' lang='lat' dir='ltr'>ipsum,</span> <span class='ocrx_word' id='word_1_100' title='bbox 834 1660 918 1744; x_wconf 90' lang='lat' dir='ltr'>quod</span> <span class='ocrx_word' id='word_1_101' title='bbox 933 1677 1027 1722; x_wconf 90' lang='lat' dir='ltr'>nemo</span> <span class='ocrx_word' id='word_1_102' title='bbox 1041 1665 1175 1743; x_wconf 90' lang='lat' dir='ltr'>regeret,</span> <span class='ocrx_word' id='word_1_103' title='bbox 1196 1664 1356 1744; x_wconf 89' lang='lat' dir='ltr'>parentes.</span> <span class='ocrx_word' id='word_1_104' title='bbox 1371 1655 1504 1723; x_wconf 85' lang='lat' dir='ltr'>aileu-ao</span> 
     </span>
     <span class='ocr_line' id='line_1_12' title="bbox 136 1768 1464 1856; baseline 0.002 -22"><span class='ocrx_word' id='word_1_105' title='bbox 136 1769 194 1845; x_wconf 84' lang='lat' dir='ltr'>tio,</span> <span class='ocrx_word' id='word_1_106' title='bbox 215 1768 371 1853; x_wconf 89' lang='lat' dir='ltr'>patientia,</span> <span class='ocrx_word' id='word_1_107' title='bbox 395 1777 554 1852; x_wconf 89' lang='lat' dir='ltr'>postremo</span> <span class='ocrx_word' id='word_1_108' title='bbox 576 1772 724 1853; x_wconf 84' lang='lat' dir='ltr'>precibus</span> <span class='ocrx_word' id='word_1_109' title='bbox 745 1791 782 1836; x_wconf 91' lang='lat' dir='ltr'>ac</span> <span class='ocrx_word' id='word_1_110' title='bbox 803 1770 936 1836; x_wconf 78' lang='lat' dir='ltr'>lacrimis</span> <span class='ocrx_word' id='word_1_111' title='bbox 958 1769 1082 1834; x_wconf 86' lang='lat' dir='ltr'>veniam</span> <span class='ocrx_word' id='word_1_112' title='bbox 1102 1769 1305 1856; x_wconf 76' lang='lat' dir='ltr'>quaerebant.</span> <span class='ocrx_word' id='word_1_113' title='bbox 1331 1776 1366 1835; x_wconf 93' lang='lat' dir='ltr'>ut</span> <span class='ocrx_word' id='word_1_114' title='bbox 1387 1789 1464 1836; x_wconf 84' lang='lat' dir='ltr'>vero</span> 
     </span>
     <span class='ocr_line' id='line_1_13' title="bbox 140 1881 1463 1969; baseline 0 -21"><span class='ocrx_word' id='word_1_115' title='bbox 140 1883 283 1950; x_wconf 76' lang='lat' dir='ltr'>deformis</span> <span class='ocrx_word' id='word_1_116' title='bbox 304 1893 336 1948; x_wconf 91' lang='lat' dir='ltr'>et</span> <span class='ocrx_word' id='word_1_117' title='bbox 357 1881 435 1947; x_wconf 82' lang='lat' dir='ltr'>fleus</span> <span class='ocrx_word' id='word_1_118' title='bbox 455 1890 489 1947; x_wconf 91' lang='lat' dir='ltr'>et</span> <span class='ocrx_word' id='word_1_119' title='bbox 509 1891 636 1969; x_wconf 87' lang='lat' dir='ltr'>praeter</span> <span class='ocrx_word' id='word_1_120' title='bbox 655 1903 744 1967; x_wconf 91' lang='lat' dir='ltr'>spem</span> <span class='ocrx_word' id='word_1_121' title='bbox 766 1884 933 1948; x_wconf 88' lang='lat' dir='ltr'>incolumis</span> <span class='ocrx_word' id='word_1_122' title='bbox 960 1885 1074 1948; x_wconf 89' lang='lat' dir='ltr'>Valens</span> <span class='ocrx_word' id='word_1_123' title='bbox 1101 1881 1274 1967; x_wconf 86' lang='lat' dir='ltr'>processit,</span> <span class='ocrx_word' id='word_1_124' title='bbox 1304 1881 1463 1968; x_wconf 89' lang='lat' dir='ltr'>gaudium,</span> 
     </span>
     <span class='ocr_line' id='line_1_14' title="bbox 145 1994 1463 2082; baseline -0.002 -20"><span class='ocrx_word' id='word_1_125' title='bbox 145 1999 305 2074; x_wconf 84' lang='lat' dir='ltr'>miseratio,</span> <span class='ocrx_word' id='word_1_126' title='bbox 328 1994 438 2061; x_wconf 82' lang='lat' dir='ltr'>favor:</span> <span class='ocrx_word' id='word_1_127' title='bbox 462 1995 545 2062; x_wconf 86' lang='lat' dir='ltr'>versi</span> <span class='ocrx_word' id='word_1_128' title='bbox 567 1996 600 2060; x_wconf 91' lang='lat' dir='ltr'>in</span> <span class='ocrx_word' id='word_1_129' title='bbox 621 1995 785 2072; x_wconf 86' lang='lat' dir='ltr'>laetitiam,</span> <span class='ocrx_word' id='word_1_130' title='bbox 816 2005 851 2061; x_wconf 91' lang='lat' dir='ltr'>ut</span> <span class='ocrx_word' id='word_1_131' title='bbox 880 2004 929 2061; x_wconf 91' lang='lat' dir='ltr'>est</span> <span class='ocrx_word' id='word_1_132' title='bbox 959 1996 1070 2082; x_wconf 85' lang='lat' dir='ltr'>volgus</span> <span class='ocrx_word' id='word_1_133' title='bbox 1097 2005 1232 2082; x_wconf 92' lang='lat' dir='ltr'>utroque</span> <span class='ocrx_word' id='word_1_134' title='bbox 1258 1997 1463 2063; x_wconf 89' lang='lat' dir='ltr'>inmodicum.</span> 
     </span>
     <span class='ocr_line' id='line_1_15' title="bbox 145 2106 1463 2195; baseline -0.002 -19"><span class='ocrx_word' id='word_1_135' title='bbox 145 2109 292 2176; x_wconf 83' lang='lat' dir='ltr'>laudantes</span> <span class='ocrx_word' id='word_1_136' title='bbox 313 2117 533 2195; x_wconf 78' lang='lat' dir='ltr'>gratantesque</span> <span class='ocrx_word' id='word_1_137' title='bbox 548 2107 774 2176; x_wconf 89' lang='lat' dir='ltr'>circumdatum</span> <span class='ocrx_word' id='word_1_138' title='bbox 796 2108 910 2193; x_wconf 88' lang='lat' dir='ltr'>aquilis</span> <span class='ocrx_word' id='word_1_139' title='bbox 940 2107 1101 2194; x_wconf 84' lang='lat' dir='ltr'>signisque</span> <span class='ocrx_word' id='word_1_140' title='bbox 1121 2108 1154 2174; x_wconf 91' lang='lat' dir='ltr'>in</span> <span class='ocrx_word' id='word_1_141' title='bbox 1182 2106 1321 2176; x_wconf 90' lang='lat' dir='ltr'>tribunal</span> <span class='ocrx_word' id='word_1_142' title='bbox 1347 2107 1463 2175; x_wconf 86' lang='lat' dir='ltr'>ierunt.</span> 
     </span>
     <span class='ocr_line' id='line_1_16' title="bbox 148 2219 1504 2309; baseline 0 -21"><span class='ocrx_word' id='word_1_143' title='bbox 148 2222 191 2290; x_wconf 91' lang='lat' dir='ltr'>ille</span> <span class='ocrx_word' id='word_1_144' title='bbox 207 2223 271 2290; x_wconf 92' lang='lat' dir='ltr'>utili</span> <span class='ocrx_word' id='word_1_145' title='bbox 291 2221 505 2289; x_wconf 89' lang='lat' dir='ltr'>moderatione</span> <span class='ocrx_word' id='word_1_146' title='bbox 527 2242 590 2288; x_wconf 91' lang='lat' dir='ltr'>non</span> <span class='ocrx_word' id='word_1_147' title='bbox 619 2221 807 2306; x_wconf 87' lang='lat' dir='ltr'>supplicium</span> <span class='ocrx_word' id='word_1_148' title='bbox 839 2223 1021 2307; x_wconf 88' lang='lat' dir='ltr'>cuiusquam</span> <span class='ocrx_word' id='word_1_149' title='bbox 1053 2223 1214 2309; x_wconf 87' lang='lat' dir='ltr'>poposcit;</span> <span class='ocrx_word' id='word_1_150' title='bbox 1243 2241 1280 2287; x_wconf 91' lang='lat' dir='ltr'>ac</span> <span class='ocrx_word' id='word_1_151' title='bbox 1306 2243 1346 2287; x_wconf 89' lang='lat' dir='ltr'>ne</span> <span class='ocrx_word' id='word_1_152' title='bbox 1376 2219 1504 2288; x_wconf 72' lang='lat' dir='ltr'>dissi-ro</span> 
     </span>
     <span class='ocr_line' id='line_1_17' title="bbox 147 2331 1467 2423; baseline -0.002 -21"><span class='ocrx_word' id='word_1_153' title='bbox 147 2336 255 2402; x_wconf 83' lang='lat' dir='ltr'>molens</span> <span class='ocrx_word' id='word_1_154' title='bbox 274 2337 451 2423; x_wconf 89' lang='lat' dir='ltr'>suspectior</span> <span class='ocrx_word' id='word_1_155' title='bbox 480 2337 582 2412; x_wconf 82' lang='lat' dir='ltr'>toret,</span> <span class='ocrx_word' id='word_1_156' title='bbox 609 2354 726 2420; x_wconf 90' lang='lat' dir='ltr'>paucos</span> <span class='ocrx_word' id='word_1_157' title='bbox 756 2333 928 2412; x_wconf 84' lang='lat' dir='ltr'>incusavit,</span> <span class='ocrx_word' id='word_1_158' title='bbox 960 2355 1075 2420; x_wconf 88' lang='lat' dir='ltr'>gnarus</span> <span class='ocrx_word' id='word_1_159' title='bbox 1103 2331 1249 2401; x_wconf 84' lang='lat' dir='ltr'>ciuilibus</span> <span class='ocrx_word' id='word_1_160' title='bbox 1275 2333 1368 2400; x_wconf 92' lang='lat' dir='ltr'>bellis</span> <span class='ocrx_word' id='word_1_161' title='bbox 1395 2335 1467 2421; x_wconf 91' lang='lat' dir='ltr'>plus</span> 
     </span>
     <span class='ocr_line' id='line_1_18' title="bbox 148 2446 1468 2536; baseline -0.002 -20"><span class='ocrx_word' id='word_1_162' title='bbox 148 2447 280 2516; x_wconf 88' lang='lat' dir='ltr'>militibus</span> <span class='ocrx_word' id='word_1_163' title='bbox 301 2469 395 2536; x_wconf 91' lang='lat' dir='ltr'>quam</span> <span class='ocrx_word' id='word_1_164' title='bbox 417 2447 548 2514; x_wconf 89' lang='lat' dir='ltr'>ducibus</span> <span class='ocrx_word' id='word_1_165' title='bbox 569 2450 676 2513; x_wconf 90' lang='lat' dir='ltr'>licere.</span> <span class='ocrx_word' id='word_1_166' title='bbox 701 2446 762 2533; x_wconf 78' lang='lat'><strong>(30)</strong></span> <span class='ocrx_word' id='word_1_167' title='bbox 790 2447 1003 2514; x_wconf 88' lang='lat' dir='ltr'>munientibus</span> <span class='ocrx_word' id='word_1_168' title='bbox 1024 2457 1125 2515; x_wconf 87' lang='lat' dir='ltr'>castra</span> <span class='ocrx_word' id='word_1_169' title='bbox 1153 2449 1237 2534; x_wconf 91' lang='lat' dir='ltr'>apud</span> <span class='ocrx_word' id='word_1_170' title='bbox 1259 2449 1400 2514; x_wconf 85' lang='lat' dir='ltr'>Ticinum</span> <span class='ocrx_word' id='word_1_171' title='bbox 1427 2451 1468 2514; x_wconf 91' lang='lat' dir='ltr'>de</span> 
     </span>
     <span class='ocr_line' id='line_1_19' title="bbox 149 2560 1468 2649; baseline 0 -21"><span class='ocrx_word' id='word_1_172' title='bbox 149 2567 265 2630; x_wconf 80' lang='lat' dir='ltr'>adversa</span> <span class='ocrx_word' id='word_1_173' title='bbox 286 2563 439 2628; x_wconf 87' lang='lat' dir='ltr'>Caecinae</span> <span class='ocrx_word' id='word_1_174' title='bbox 468 2581 573 2648; x_wconf 86' lang='lat' dir='ltr'>pugna</span> <span class='ocrx_word' id='word_1_175' title='bbox 602 2560 754 2635; x_wconf 86' lang='lat' dir='ltr'>adlatum,</span> <span class='ocrx_word' id='word_1_176' title='bbox 786 2569 818 2626; x_wconf 91' lang='lat' dir='ltr'>et</span> <span class='ocrx_word' id='word_1_177' title='bbox 847 2582 945 2649; x_wconf 91' lang='lat' dir='ltr'>prope</span> <span class='ocrx_word' id='word_1_178' title='bbox 971 2569 1124 2628; x_wconf 84' lang='lat' dir='ltr'>renovata</span> <span class='ocrx_word' id='word_1_179' title='bbox 1152 2561 1278 2638; x_wconf 90' lang='lat' dir='ltr'>seditio,</span> <span class='ocrx_word' id='word_1_180' title='bbox 1309 2569 1468 2649; x_wconf 88' lang='lat' dir='ltr'>tamquam</span> 
     </span>
     <span class='ocr_line' id='line_1_20' title="bbox 147 2673 1468 2762; baseline 0.002 -22"><span class='ocrx_word' id='word_1_181' title='bbox 147 2677 245 2742; x_wconf 81' lang='lat' dir='ltr'>fraude</span> <span class='ocrx_word' id='word_1_182' title='bbox 266 2685 297 2741; x_wconf 90' lang='lat' dir='ltr'>et</span> <span class='ocrx_word' id='word_1_183' title='bbox 318 2673 570 2742; x_wconf 89' lang='lat' dir='ltr'>cunctationibus</span> <span class='ocrx_word' id='word_1_184' title='bbox 591 2673 728 2739; x_wconf 88' lang='lat' dir='ltr'>Valentis</span> <span class='ocrx_word' id='word_1_185' title='bbox 750 2673 871 2762; x_wconf 90' lang='lat' dir='ltr'>praelio</span> <span class='ocrx_word' id='word_1_186' title='bbox 894 2674 1078 2742; x_wconf 79' lang='lat' dir='ltr'>defuissent.</span> <span class='ocrx_word' id='word_1_187' title='bbox 1109 2674 1193 2741; x_wconf 92' lang='lat' dir='ltr'>nolle</span> <span class='ocrx_word' id='word_1_188' title='bbox 1213 2678 1374 2762; x_wconf 87' lang='lat' dir='ltr'>requiem,</span> <span class='ocrx_word' id='word_1_189' title='bbox 1403 2697 1468 2743; x_wconf 89' lang='lat' dir='ltr'>uon</span> 
     </span>
     <span class='ocr_line' id='line_1_21' title="bbox 151 2787 1506 2876; baseline -0.002 -22"><span class='ocrx_word' id='word_1_190' title='bbox 151 2798 317 2876; x_wconf 85' lang='lat' dir='ltr'>exspectare</span> <span class='ocrx_word' id='word_1_191' title='bbox 340 2788 468 2866; x_wconf 88' lang='lat' dir='ltr'>ducem,</span> <span class='ocrx_word' id='word_1_192' title='bbox 493 2789 612 2852; x_wconf 90' lang='lat' dir='ltr'>anteire</span> <span class='ocrx_word' id='word_1_193' title='bbox 634 2789 730 2871; x_wconf 85' lang='lat' dir='ltr'>sigua.</span> <span class='ocrx_word' id='word_1_194' title='bbox 752 2807 888 2872; x_wconf 89' lang='lat' dir='ltr'>urguere</span> <span class='ocrx_word' id='word_1_195' title='bbox 910 2787 1088 2874; x_wconf 74' lang='lat' dir='ltr'>signiferos.</span> <span class='ocrx_word' id='word_1_196' title='bbox 1112 2787 1221 2875; x_wconf 89' lang='lat' dir='ltr'>rapido</span> <span class='ocrx_word' id='word_1_197' title='bbox 1245 2791 1369 2874; x_wconf 90' lang='lat' dir='ltr'>agmine</span> <span class='ocrx_word' id='word_1_198' title='bbox 1392 2791 1506 2856; x_wconf 88' lang='lat' dir='ltr'>Cae-ao</span> 
     </span>
     <span class='ocr_line' id='line_1_22' title="bbox 152 2897 1466 2989; baseline 0.002 -22"><span class='ocrx_word' id='word_1_199' title='bbox 152 2901 227 2968; x_wconf 86' lang='lat' dir='ltr'>cinae</span> <span class='ocrx_word' id='word_1_200' title='bbox 247 2906 428 2989; x_wconf 89' lang='lat' dir='ltr'>iunguntur.</span> <span class='ocrx_word' id='word_1_201' title='bbox 453 2903 638 2986; x_wconf 88' lang='lat' dir='ltr'>inprospera</span> <span class='ocrx_word' id='word_1_202' title='bbox 660 2897 799 2965; x_wconf 87' lang='lat' dir='ltr'>Valentis</span> <span class='ocrx_word' id='word_1_203' title='bbox 821 2899 903 2965; x_wconf 84' lang='lat' dir='ltr'>lama</span> <span class='ocrx_word' id='word_1_204' title='bbox 925 2903 1009 2988; x_wconf 91' lang='lat' dir='ltr'>apud</span> <span class='ocrx_word' id='word_1_205' title='bbox 1031 2901 1201 2968; x_wconf 83' lang='lat' dir='ltr'>exercitum</span> <span class='ocrx_word' id='word_1_206' title='bbox 1218 2903 1369 2969; x_wconf 88' lang='lat' dir='ltr'>Caecinae</span> <span class='ocrx_word' id='word_1_207' title='bbox 1384 2911 1466 2969; x_wconf 87' lang='lat' dir='ltr'>erat:</span> 
     </span>
     <span class='ocr_line' id='line_1_23' title="bbox 152 3011 1471 3100; baseline 0.002 -21"><span class='ocrx_word' id='word_1_208' title='bbox 152 3017 299 3100; x_wconf 83' lang='lat' dir='ltr'>expositos</span> <span class='ocrx_word' id='word_1_209' title='bbox 320 3035 354 3080; x_wconf 90' lang='lat' dir='ltr'>se</span> <span class='ocrx_word' id='word_1_210' title='bbox 375 3021 462 3080; x_wconf 89' lang='lat' dir='ltr'>tanto</span> <span class='ocrx_word' id='word_1_211' title='bbox 485 3018 650 3100; x_wconf 91' lang='lat' dir='ltr'>pauciores</span> <span class='ocrx_word' id='word_1_212' title='bbox 671 3011 803 3096; x_wconf 88' lang='lat' dir='ltr'>integris</span> <span class='ocrx_word' id='word_1_213' title='bbox 825 3014 962 3078; x_wconf 88' lang='lat' dir='ltr'>bostium</span> <span class='ocrx_word' id='word_1_214' title='bbox 983 3013 1104 3079; x_wconf 83' lang='lat' dir='ltr'>viribus</span> <span class='ocrx_word' id='word_1_215' title='bbox 1128 3016 1352 3100; x_wconf 89' lang='lat' dir='ltr'>querebantur,</span> <span class='ocrx_word' id='word_1_216' title='bbox 1377 3015 1471 3082; x_wconf 89' lang='lat' dir='ltr'>simul</span> 
     </span>
     <span class='ocr_line' id='line_1_24' title="bbox 152 3119 1559 3232; baseline 0.002 -40"><span class='ocrx_word' id='word_1_217' title='bbox 152 3128 178 3194; x_wconf 90' lang='lat' dir='ltr'>iu</span> <span class='ocrx_word' id='word_1_218' title='bbox 196 3149 276 3194; x_wconf 89' lang='lat' dir='ltr'>suam</span> <span class='ocrx_word' id='word_1_219' title='bbox 297 3129 542 3202; x_wconf 82' lang='lat' dir='ltr'>excusationem,</span> <span class='ocrx_word' id='word_1_220' title='bbox 565 3134 596 3191; x_wconf 93' lang='lat' dir='ltr'>et</span> <span class='ocrx_word' id='word_1_221' title='bbox 617 3125 848 3191; x_wconf 82' lang='lat' dir='ltr'>adventantium</span> <span class='ocrx_word' id='word_1_222' title='bbox 871 3123 970 3192; x_wconf 90' lang='lat' dir='ltr'>robor</span> <span class='ocrx_word' id='word_1_223' title='bbox 982 3147 1040 3210; x_wconf 91' lang='lat' dir='ltr'>per</span> <span class='ocrx_word' id='word_1_224' title='bbox 1053 3126 1263 3193; x_wconf 89' lang='lat' dir='ltr'>adulationem</span> <span class='ocrx_word' id='word_1_225' title='bbox 1279 3127 1467 3206; x_wconf 88' lang='lat' dir='ltr'>attollentes,</span> <span class='ocrx_word' id='word_1_226' title='bbox 1518 3119 1559 3232; x_wconf 65' lang='lat' dir='ltr'>i</span> 
     </span>
     <span class='ocr_line' id='line_1_25' title="bbox 152 3240 1470 3329; baseline 0.002 -24"><span class='ocrx_word' id='word_1_227' title='bbox 152 3262 185 3305; x_wconf 90' lang='lat' dir='ltr'>ne</span> <span class='ocrx_word' id='word_1_228' title='bbox 203 3250 235 3307; x_wconf 92' lang='lat' dir='ltr'>ot</span> <span class='ocrx_word' id='word_1_229' title='bbox 253 3241 325 3307; x_wconf 78' lang='lat' dir='ltr'>uicti</span> <span class='ocrx_word' id='word_1_230' title='bbox 347 3250 379 3306; x_wconf 89' lang='lat' dir='ltr'>et</span> <span class='ocrx_word' id='word_1_231' title='bbox 407 3241 510 3326; x_wconf 86' lang='lat' dir='ltr'>ignavi</span> <span class='ocrx_word' id='word_1_232' title='bbox 540 3242 807 3324; x_wconf 88' lang='lat' dir='ltr'>despectareutur.</span> <span class='ocrx_word' id='word_1_233' title='bbox 835 3247 867 3304; x_wconf 91' lang='lat' dir='ltr'>et</span> <span class='ocrx_word' id='word_1_234' title='bbox 894 3259 1082 3325; x_wconf 88' lang='lat' dir='ltr'>quamquam</span> <span class='ocrx_word' id='word_1_235' title='bbox 1111 3242 1181 3327; x_wconf 88' lang='lat' dir='ltr'>plus</span> <span class='ocrx_word' id='word_1_236' title='bbox 1209 3240 1341 3317; x_wconf 83' lang='lat' dir='ltr'>virium,</span> <span class='ocrx_word' id='word_1_237' title='bbox 1368 3261 1470 3329; x_wconf 90' lang='lat' dir='ltr'>prope</span> 
     </span>
     <span class='ocr_line' id='line_1_26' title="bbox 153 3351 1506 3440; baseline 0.003 -22"><span class='ocrx_word' id='word_1_238' title='bbox 153 3351 308 3440; x_wconf 89' lang='lat' dir='ltr'>duplicatus</span> <span class='ocrx_word' id='word_1_239' title='bbox 328 3354 488 3440; x_wconf 88' lang='lat' dir='ltr'>legionum</span> <span class='ocrx_word' id='word_1_240' title='bbox 510 3353 763 3438; x_wconf 85' lang='lat' dir='ltr'>auxiliorumque</span> <span class='ocrx_word' id='word_1_241' title='bbox 791 3373 939 3419; x_wconf 89' lang='lat' dir='ltr'>uumerus</span> <span class='ocrx_word' id='word_1_242' title='bbox 968 3361 1036 3418; x_wconf 86' lang='lat' dir='ltr'>erat</span> <span class='ocrx_word' id='word_1_243' title='bbox 1060 3351 1202 3429; x_wconf 88' lang='lat' dir='ltr'>Valenti,</span> <span class='ocrx_word' id='word_1_244' title='bbox 1233 3353 1334 3421; x_wconf 91' lang='lat' dir='ltr'>studia</span> <span class='ocrx_word' id='word_1_245' title='bbox 1365 3364 1506 3422; x_wconf 82' lang='lat' dir='ltr'>tamen²⁸</span> 
     </span>
    </p>
   </div>
   <div class='ocr_carea' id='block_1_3' title="bbox 154 3462 1471 3555">
    <p class='ocr_par' dir='ltr' id='par_1_3' title="bbox 154 3462 1471 3555">
     <span class='ocr_line' id='line_1_27' title="bbox 154 3462 1471 3555; baseline 0.002 -24"><span class='ocrx_word' id='word_1_246' title='bbox 154 3467 271 3534; x_wconf 87' lang='lat' dir='ltr'>militum</span> <span class='ocrx_word' id='word_1_247' title='bbox 290 3469 323 3532; x_wconf 93' lang='lat' dir='ltr'>in</span> <span class='ocrx_word' id='word_1_248' title='bbox 347 3469 510 3534; x_wconf 86' lang='lat' dir='ltr'>Caecinam</span> <span class='ocrx_word' id='word_1_249' title='bbox 534 3464 739 3542; x_wconf 91' lang='lat' dir='ltr'>inclinabant,</span> <span class='ocrx_word' id='word_1_250' title='bbox 770 3485 865 3552; x_wconf 91' lang='lat' dir='ltr'>super</span> <span class='ocrx_word' id='word_1_251' title='bbox 893 3462 1117 3550; x_wconf 83' lang='lat' dir='ltr'>benignitatem</span> <span class='ocrx_word' id='word_1_252' title='bbox 1147 3466 1258 3544; x_wconf 89' lang='lat' dir='ltr'>animi,</span> <span class='ocrx_word' id='word_1_253' title='bbox 1282 3487 1343 3554; x_wconf 88' lang='lat' dir='ltr'>qua</span> <span class='ocrx_word' id='word_1_254' title='bbox 1364 3488 1471 3555; x_wconf 86' lang='lat' dir='ltr'>prom·</span> 
     </span>
    </p>
   </div>
   <div class='ocr_carea' id='block_1_4' title="bbox 152 3657 1472 4007">
    <p class='ocr_par' dir='ltr' id='par_1_4' title="bbox 152 3657 1472 4007">
     <span class='ocr_line' id='line_1_28' title="bbox 210 3657 1472 3724; baseline 0.002 -15"><span class='ocrx_word' id='word_1_255' title='bbox 210 3661 233 3709; x_wconf 68' lang='grc' dir='ltr'>Ξ.</span> <span class='ocrx_word' id='word_1_256' title='bbox 252 3663 314 3712; x_wconf 79' lang='lat' dir='ltr'>tnta.</span> <span class='ocrx_word' id='word_1_257' title='bbox 332 3661 380 3712; x_wconf 83' lang='grc' dir='ltr'>Μι</span> <span class='ocrx_word' id='word_1_258' title='bbox 400 3661 473 3709; x_wconf 80' lang='lat' dir='ltr'>imm.</span> <span class='ocrx_word' id='word_1_259' title='bbox 493 3659 525 3708; x_wconf 80' lang='lat' dir='ltr'>ll.</span> <span class='ocrx_word' id='word_1_260' title='bbox 545 3681 578 3696; x_wconf 94' lang='lat'>·-</span> <span class='ocrx_word' id='word_1_261' title='bbox 597 3660 728 3709; x_wconf 76' lang='lat' dir='ltr'>cohercere</span> <span class='ocrx_word' id='word_1_262' title='bbox 747 3657 786 3708; x_wconf 86' lang='lat' dir='ltr'>tt.</span> <span class='ocrx_word' id='word_1_263' title='bbox 808 3681 836 3692; x_wconf 98' lang='lat'><em>-</em></span> <span class='ocrx_word' id='word_1_264' title='bbox 856 3663 940 3720; x_wconf 88' lang='lat' dir='ltr'>ecept.</span> <span class='ocrx_word' id='word_1_265' title='bbox 959 3658 997 3707; x_wconf 96' lang='grc' dir='ltr'>Μ.</span> <span class='ocrx_word' id='word_1_266' title='bbox 1020 3683 1048 3696; x_wconf 91' lang='grc'><strong>-</strong></span> <span class='ocrx_word' id='word_1_267' title='bbox 1069 3659 1097 3711; x_wconf 75' lang='lat' dir='ltr'>d.</span> <span class='ocrx_word' id='word_1_268' title='bbox 1114 3657 1174 3724; x_wconf 74' lang='lat' dir='ltr'>ptio</span> <span class='ocrx_word' id='word_1_269' title='bbox 1191 3661 1229 3710; x_wconf 95' lang='grc' dir='ltr'>Μ.</span> <span class='ocrx_word' id='word_1_270' title='bbox 1250 3685 1282 3698; x_wconf 93' lang='lat'>·-</span> <span class='ocrx_word' id='word_1_271' title='bbox 1307 3660 1333 3709; x_wconf 82' lang='grc'>7.</span> <span class='ocrx_word' id='word_1_272' title='bbox 1354 3658 1472 3723; x_wconf 70' lang='lat' dir='ltr'>disertiora</span> 
     </span>
     <span class='ocr_line' id='line_1_29' title="bbox 152 3728 1471 3794; baseline 0 -14"><span class='ocrx_word' id='word_1_273' title='bbox 152 3729 191 3780; x_wconf 81' lang='lat' dir='ltr'>lla</span> <span class='ocrx_word' id='word_1_274' title='bbox 208 3731 311 3794; x_wconf 69' lang='lat' dir='ltr'>attenua</span> <span class='ocrx_word' id='word_1_275' title='bbox 329 3731 369 3789; x_wconf 84' lang='lat' dir='ltr'>lt,</span> <span class='ocrx_word' id='word_1_276' title='bbox 388 3737 448 3781; x_wconf 91' lang='lat' dir='ltr'>aute</span> <span class='ocrx_word' id='word_1_277' title='bbox 468 3743 546 3793; x_wconf 88' lang='lat' dir='ltr'>quem</span> <span class='ocrx_word' id='word_1_278' title='bbox 566 3729 680 3780; x_wconf 83' lang='lat' dir='ltr'>edebant</span> <span class='ocrx_word' id='word_1_279' title='bbox 696 3728 839 3792; x_wconf 73' lang='lat' dir='ltr'>Alphenor.</span> <span class='ocrx_word' id='word_1_280' title='bbox 865 3728 932 3778; x_wconf 84' lang='lat' dir='ltr'>lltda</span> <span class='ocrx_word' id='word_1_281' title='bbox 951 3741 992 3780; x_wconf 89' lang='lat' dir='ltr'>me</span> <span class='ocrx_word' id='word_1_282' title='bbox 1011 3729 1044 3780; x_wconf 91' lang='lat' dir='ltr'>ad</span> <span class='ocrx_word' id='word_1_283' title='bbox 1063 3730 1156 3782; x_wconf 85' lang='lat' dir='ltr'>llorat.</span> <span class='ocrx_word' id='word_1_284' title='bbox 1175 3730 1231 3782; x_wconf 84' lang='lat' dir='ltr'>Sat.</span> <span class='ocrx_word' id='word_1_285' title='bbox 1250 3731 1286 3789; x_wconf 85' lang='lat'>1,</span> <span class='ocrx_word' id='word_1_286' title='bbox 1305 3730 1337 3788; x_wconf 80' lang='lat' dir='ltr'>a,</span> <span class='ocrx_word' id='word_1_287' title='bbox 1357 3731 1419 3782; x_wconf 79' lang='lat' dir='ltr'>lto.</span> <span class='ocrx_word' id='word_1_288' title='bbox 1439 3755 1471 3768; x_wconf 90' lang='lat'>-</span> 
     </span>
     <span class='ocr_line' id='line_1_30' title="bbox 152 3799 1471 3865; baseline 0.001 -16"><span class='ocrx_word' id='word_1_289' title='bbox 152 3800 174 3849; x_wconf 83' lang='lat' dir='ltr'>t.</span> <span class='ocrx_word' id='word_1_290' title='bbox 191 3801 264 3865; x_wconf 85' lang='lat' dir='ltr'>altre]</span> <span class='ocrx_word' id='word_1_291' title='bbox 282 3803 394 3852; x_wconf 69' lang='lat' dir='ltr'>drcutra</span> <span class='ocrx_word' id='word_1_292' title='bbox 412 3815 463 3865; x_wconf 83' lang='lat' dir='ltr'>urg.</span> <span class='ocrx_word' id='word_1_293' title='bbox 478 3801 523 3856; x_wconf 90' lang='grc' dir='ltr'>Μ.</span> <span class='ocrx_word' id='word_1_294' title='bbox 543 3800 590 3851; x_wconf 91' lang='lat' dir='ltr'>aed</span> <span class='ocrx_word' id='word_1_295' title='bbox 608 3814 660 3850; x_wconf 92' lang='lat' dir='ltr'>nou</span> <span class='ocrx_word' id='word_1_296' title='bbox 681 3801 730 3850; x_wconf 80' lang='lat' dir='ltr'>«ab</span> <span class='ocrx_word' id='word_1_297' title='bbox 750 3799 841 3850; x_wconf 86' lang='lat' dir='ltr'>eadem</span> <span class='ocrx_word' id='word_1_298' title='bbox 861 3813 972 3858; x_wconf 82' lang='lat' dir='ltr'>manus,</span> <span class='ocrx_word' id='word_1_299' title='bbox 992 3808 1021 3848; x_wconf 91' lang='lat' dir='ltr'>ut</span> <span class='ocrx_word' id='word_1_300' title='bbox 1039 3809 1164 3852; x_wconf 82' lang='lat' dir='ltr'>narretur</span> <span class='ocrx_word' id='word_1_301' title='bbox 1177 3801 1248 3862; x_wconf 87' lang='lat' dir='ltr'>apud</span> <span class='ocrx_word' id='word_1_302' title='bbox 1269 3800 1427 3851; x_wconf 78' lang='lat' dir='ltr'>Belteruan.</span> <span class='ocrx_word' id='word_1_303' title='bbox 1440 3825 1471 3839; x_wconf 94' lang='lat'>-</span> 
     </span>
     <span class='ocr_line' id='line_1_31' title="bbox 152 3867 1469 3936; baseline 0.002 -17"><span class='ocrx_word' id='word_1_304' title='bbox 152 3872 188 3920; x_wconf 86' lang='lat' dir='ltr'>tt.</span> <span class='ocrx_word' id='word_1_305' title='bbox 202 3869 286 3936; x_wconf 77' lang='lat' dir='ltr'>petbus</span> <span class='ocrx_word' id='word_1_306' title='bbox 304 3873 342 3924; x_wconf 86' lang='lat' dir='ltr'>tt.</span> <span class='ocrx_word' id='word_1_307' title='bbox 364 3897 393 3910; x_wconf 92' lang='lat'>·-</span> <span class='ocrx_word' id='word_1_308' title='bbox 413 3883 488 3934; x_wconf 86' lang='lat' dir='ltr'>quer.</span> <span class='ocrx_word' id='word_1_309' title='bbox 507 3867 546 3920; x_wconf 88' lang='grc' dir='ltr'>Μ.</span> <span class='ocrx_word' id='word_1_310' title='bbox 568 3894 595 3907; x_wconf 96' lang='grc'>-</span> <span class='ocrx_word' id='word_1_311' title='bbox 618 3871 660 3920; x_wconf 80' lang='lat' dir='ltr'>rt.</span> <span class='ocrx_word' id='word_1_312' title='bbox 681 3869 758 3932; x_wconf 74' lang='lat' dir='ltr'>[abor</span> <span class='ocrx_word' id='word_1_313' title='bbox 776 3871 813 3920; x_wconf 89' lang='grc' dir='ltr'>Μ.</span> <span class='ocrx_word' id='word_1_314' title='bbox 835 3895 862 3908; x_wconf 88' lang='grc'>-</span> <span class='ocrx_word' id='word_1_315' title='bbox 883 3872 949 3918; x_wconf 82' lang='lat' dir='ltr'>taut.</span> <span class='ocrx_word' id='word_1_316' title='bbox 969 3869 1015 3922; x_wconf 82' lang='lat' dir='ltr'>bl:</span> <span class='ocrx_word' id='word_1_317' title='bbox 1036 3872 1108 3920; x_wconf 82' lang='lat' dir='ltr'>irum.</span> <span class='ocrx_word' id='word_1_318' title='bbox 1127 3870 1158 3920; x_wconf 87' lang='lat' dir='ltr'>ll.</span> <span class='ocrx_word' id='word_1_319' title='bbox 1179 3893 1210 3908; x_wconf 94' lang='lat'><em>-</em></span> <span class='ocrx_word' id='word_1_320' title='bbox 1235 3871 1279 3922; x_wconf 78' lang='lat'>2⁰.</span> <span class='ocrx_word' id='word_1_321' title='bbox 1301 3883 1361 3934; x_wconf 71' lang='lat' dir='ltr'>esp.</span> <span class='ocrx_word' id='word_1_322' title='bbox 1381 3869 1419 3924; x_wconf 77' lang='lat' dir='ltr'>li.</span> <span class='ocrx_word' id='word_1_323' title='bbox 1441 3895 1469 3910; x_wconf 89' lang='lat'>-</span> 
     </span>
     <span class='ocr_line' id='line_1_32' title="bbox 152 3939 900 4007; baseline -0.009 -11"><span class='ocrx_word' id='word_1_324' title='bbox 152 3954 249 4005; x_wconf 73' lang='lat' dir='ltr'>trram</span> <span class='ocrx_word' id='word_1_325' title='bbox 264 3943 308 3996; x_wconf 81' lang='grc' dir='ltr'>Μι</span> <span class='ocrx_word' id='word_1_326' title='bbox 331 3955 425 4007; x_wconf 80' lang='lat' dir='ltr'>urgere</span> <span class='ocrx_word' id='word_1_327' title='bbox 443 3941 474 3991; x_wconf 85' lang='lat' dir='ltr'>ll.</span> <span class='ocrx_word' id='word_1_328' title='bbox 494 3965 529 3976; x_wconf 95' lang='lat'><em>-</em></span> <span class='ocrx_word' id='word_1_329' title='bbox 546 3941 590 3991; x_wconf 81' lang='lat' dir='ltr'>ut.</span> <span class='ocrx_word' id='word_1_330' title='bbox 610 3941 681 4004; x_wconf 81' lang='lat' dir='ltr'>inpr.</span> <span class='ocrx_word' id='word_1_331' title='bbox 701 3943 749 3991; x_wconf 79' lang='lat' dir='ltr'>lte</span> <span class='ocrx_word' id='word_1_332' title='bbox 768 3943 849 4003; x_wconf 72' lang='lat' dir='ltr'>impr.</span> <span class='ocrx_word' id='word_1_333' title='bbox 869 3939 900 3990; x_wconf 85' lang='lat' dir='ltr'>tt.</span> 
     </span>
    </p>
   </div>
   <div class='ocr_carea' id='block_1_5' title="bbox 140 4101 1477 5214">
    <p class='ocr_par' dir='ltr' id='par_1_5' title="bbox 140 4101 1477 5214">
     <span class='ocr_line' id='line_1_33' title="bbox 150 4101 1474 4176; baseline -0.002 -18"><span class='ocrx_word' id='word_1_334' title='bbox 150 4103 238 4176; x_wconf 64' lang='lat' dir='ltr'>percit</span> <span class='ocrx_word' id='word_1_335' title='bbox 256 4107 303 4158; x_wconf 92' lang='lat' dir='ltr'>aed</span> <span class='ocrx_word' id='word_1_336' title='bbox 322 4113 352 4158; x_wconf 90' lang='lat' dir='ltr'>ut</span> <span class='ocrx_word' id='word_1_337' title='bbox 368 4105 440 4170; x_wconf 88' lang='lat' dir='ltr'>apud</span> <span class='ocrx_word' id='word_1_338' title='bbox 461 4107 515 4158; x_wconf 90' lang='lat' dir='ltr'>Cle.</span> <span class='ocrx_word' id='word_1_339' title='bbox 531 4117 578 4168; x_wconf 91' lang='lat' dir='ltr'>pro</span> <span class='ocrx_word' id='word_1_340' title='bbox 596 4104 665 4156; x_wconf 86' lang='lat' dir='ltr'>Ssat.</span> <span class='ocrx_word' id='word_1_341' title='bbox 685 4104 711 4164; x_wconf 80' lang='grc'>8,</span> <span class='ocrx_word' id='word_1_342' title='bbox 732 4103 784 4154; x_wconf 82' lang='lat' dir='ltr'>te:</span> <span class='ocrx_word' id='word_1_343' title='bbox 824 4107 861 4157; x_wconf 87' lang='lat' dir='ltr'>rlt</span> <span class='ocrx_word' id='word_1_344' title='bbox 880 4104 991 4155; x_wconf 80' lang='lat' dir='ltr'>Baculus</span> <span class='ocrx_word' id='word_1_345' title='bbox 1019 4101 1182 4168; x_wconf 85' lang='lat' dir='ltr'>dtattugueus</span> <span class='ocrx_word' id='word_1_346' title='bbox 1209 4104 1363 4156; x_wconf 76' lang='lat' dir='ltr'>consutam:</span> <span class='ocrx_word' id='word_1_347' title='bbox 1388 4105 1474 4156; x_wconf 84' lang='lat' dir='ltr'>cetttla</span> 
     </span>
     <span class='ocr_line' id='line_1_34' title="bbox 148 4183 1474 4251; baseline 0.002 -17"><span class='ocrx_word' id='word_1_348' title='bbox 148 4186 256 4238; x_wconf 73' lang='lat' dir='ltr'>saunas</span> <span class='ocrx_word' id='word_1_349' title='bbox 272 4185 459 4251; x_wconf 79' lang='lat' dir='ltr'>reipublicae.</span> <span class='ocrx_word' id='word_1_350' title='bbox 475 4185 675 4250; x_wconf 58' lang='lat' dir='ltr'>stratophilos,</span> <span class='ocrx_word' id='word_1_351' title='bbox 702 4183 787 4236; x_wconf 69' lang='lat' dir='ltr'>Stulta·</span> <span class='ocrx_word' id='word_1_352' title='bbox 824 4209 864 4222; x_wconf 92' lang='lat'>··</span> <span class='ocrx_word' id='word_1_353' title='bbox 882 4186 974 4244; x_wconf 85' lang='lat' dir='ltr'>stetur,</span> <span class='ocrx_word' id='word_1_354' title='bbox 992 4185 1078 4246; x_wconf 74' lang='lat' dir='ltr'>igitur</span> <span class='ocrx_word' id='word_1_355' title='bbox 1096 4195 1147 4236; x_wconf 85' lang='lat' dir='ltr'>eet.</span> <span class='ocrx_word' id='word_1_356' title='bbox 1168 4197 1199 4234; x_wconf 88' lang='lat' dir='ltr'>aa</span> <span class='ocrx_word' id='word_1_357' title='bbox 1218 4196 1296 4248; x_wconf 87' lang='lat' dir='ltr'>prare</span> <span class='ocrx_word' id='word_1_358' title='bbox 1318 4187 1474 4246; x_wconf 85' lang='lat' dir='ltr'>tntsrprsta·</span> 
     </span>
     <span class='ocr_line' id='line_1_35' title="bbox 145 4263 1475 4331; baseline 0 -15"><span class='ocrx_word' id='word_1_359' title='bbox 145 4267 229 4325; x_wconf 63' lang='lat' dir='ltr'>posu.</span> <span class='ocrx_word' id='word_1_360' title='bbox 242 4266 340 4322; x_wconf 77' lang='lat' dir='ltr'>stillae.</span> <span class='ocrx_word' id='word_1_361' title='bbox 354 4267 466 4331; x_wconf 85' lang='lat' dir='ltr'>tmegine</span> <span class='ocrx_word' id='word_1_362' title='bbox 481 4266 618 4328; x_wconf 87' lang='lat' dir='ltr'>desumpta</span> <span class='ocrx_word' id='word_1_363' title='bbox 633 4279 663 4316; x_wconf 87' lang='lat' dir='ltr'>ea</span> <span class='ocrx_word' id='word_1_364' title='bbox 677 4269 786 4328; x_wconf 81' lang='lat' dir='ltr'>proprio</span> <span class='ocrx_word' id='word_1_365' title='bbox 826 4271 876 4317; x_wconf 85' lang='lat' dir='ltr'>tue.</span> <span class='ocrx_word' id='word_1_366' title='bbox 897 4263 1004 4316; x_wconf 78' lang='lat' dir='ltr'>Setltcat</span> <span class='ocrx_word' id='word_1_367' title='bbox 1021 4276 1073 4315; x_wconf 84' lang='lat' dir='ltr'>nou</span> <span class='ocrx_word' id='word_1_368' title='bbox 1093 4265 1160 4316; x_wconf 88' lang='lat' dir='ltr'>rtdlt</span> <span class='ocrx_word' id='word_1_369' title='bbox 1178 4265 1252 4315; x_wconf 82' lang='lat' dir='ltr'>ducto</span> <span class='ocrx_word' id='word_1_370' title='bbox 1269 4265 1408 4316; x_wconf 66' lang='lat' dir='ltr'>conmittere</span> <span class='ocrx_word' id='word_1_371' title='bbox 1421 4276 1475 4326; x_wconf 83' lang='lat' dir='ltr'>qua</span> 
     </span>
     <span class='ocr_line' id='line_1_36' title="bbox 147 4345 1472 4406; baseline 0 -13"><span class='ocrx_word' id='word_1_372' title='bbox 147 4347 410 4399; x_wconf 82' lang='lat' dir='ltr'>arrttteetoronsoso.</span> <span class='ocrx_word' id='word_1_373' title='bbox 431 4348 530 4398; x_wconf 86' lang='lat' dir='ltr'>vttrur·</span> <span class='ocrx_word' id='word_1_374' title='bbox 546 4347 574 4399; x_wconf 73' lang='lat' dir='ltr'>t.</span> <span class='ocrx_word' id='word_1_375' title='bbox 588 4347 623 4396; x_wconf 79' lang='lat' dir='ltr'>‘tr</span> <span class='ocrx_word' id='word_1_376' title='bbox 644 4346 690 4394; x_wconf 84' lang='lat' dir='ltr'>aut</span> <span class='ocrx_word' id='word_1_377' title='bbox 705 4348 786 4403; x_wconf 83' lang='lat' dir='ltr'>tectta.</span> <span class='ocrx_word' id='word_1_378' title='bbox 826 4348 852 4394; x_wconf 90' lang='lat' dir='ltr'>lu</span> <span class='ocrx_word' id='word_1_379' title='bbox 872 4359 900 4396; x_wconf 89' lang='lat' dir='ltr'>re</span> <span class='ocrx_word' id='word_1_380' title='bbox 920 4345 1069 4396; x_wconf 87' lang='lat' dir='ltr'>coustltertt</span> <span class='ocrx_word' id='word_1_381' title='bbox 1087 4346 1210 4406; x_wconf 89' lang='lat' dir='ltr'>eapltcart</span> <span class='ocrx_word' id='word_1_382' title='bbox 1233 4360 1275 4398; x_wconf 85' lang='lat' dir='ltr'>rr.</span> <span class='ocrx_word' id='word_1_383' title='bbox 1296 4345 1472 4396; x_wconf 71' lang='lat' dir='ltr'>retutemus</span> 
     </span>
     <span class='ocr_line' id='line_1_37' title="bbox 146 4423 1474 4489; baseline 0 -15"><span class='ocrx_word' id='word_1_384' title='bbox 146 4427 283 4478; x_wconf 60' lang='lat' dir='ltr'>anoton</span> <span class='ocrx_word' id='word_1_385' title='bbox 301 4429 391 4489; x_wconf 84' lang='lat' dir='ltr'>apotto</span> <span class='ocrx_word' id='word_1_386' title='bbox 407 4434 480 4487; x_wconf 80' lang='lat' dir='ltr'>suut,</span> <span class='ocrx_word' id='word_1_387' title='bbox 499 4425 617 4478; x_wconf 86' lang='lat' dir='ltr'>columen</span> <span class='ocrx_word' id='word_1_388' title='bbox 632 4426 743 4487; x_wconf 82' lang='lat' dir='ltr'>ponitur</span> <span class='ocrx_word' id='word_1_389' title='bbox 759 4427 789 4474; x_wconf 78' lang='lat' dir='ltr'>ot</span> <span class='ocrx_word' id='word_1_390' title='bbox 827 4424 996 4486; x_wconf 87' lang='lat' dir='ltr'>prasrtdebat</span> <span class='ocrx_word' id='word_1_391' title='bbox 1023 4427 1093 4476; x_wconf 88' lang='lat' dir='ltr'>cuttu</span> <span class='ocrx_word' id='word_1_392' title='bbox 1121 4425 1170 4476; x_wconf 87' lang='lat' dir='ltr'>boc</span> <span class='ocrx_word' id='word_1_393' title='bbox 1198 4427 1320 4476; x_wconf 80' lang='lat' dir='ltr'>smttttarl</span> <span class='ocrx_word' id='word_1_394' title='bbox 1348 4432 1421 4476; x_wconf 74' lang='lat' dir='ltr'>astus</span> <span class='ocrx_word' id='word_1_395' title='bbox 1448 4423 1474 4475; x_wconf 90' lang='lat' dir='ltr'>td</span> 
     </span>
     <span class='ocr_line' id='line_1_38' title="bbox 145 4503 1475 4572; baseline 0 -18"><span class='ocrx_word' id='word_1_396' title='bbox 145 4519 240 4557; x_wconf 74' lang='lat' dir='ltr'>armato</span> <span class='ocrx_word' id='word_1_397' title='bbox 264 4509 375 4572; x_wconf 75' lang='lat' dir='ltr'>[ortigio</span> <span class='ocrx_word' id='word_1_398' title='bbox 402 4507 535 4560; x_wconf 69' lang='lat' dir='ltr'>emutuit.</span> <span class='ocrx_word' id='word_1_399' title='bbox 563 4529 591 4542; x_wconf 90' lang='lat'><em>-</em></span> <span class='ocrx_word' id='word_1_400' title='bbox 617 4514 647 4556; x_wconf 85' lang='lat' dir='ltr'>ut</span> <span class='ocrx_word' id='word_1_401' title='bbox 673 4503 787 4567; x_wconf 75' lang='lat' dir='ltr'>corpori]</span> <span class='ocrx_word' id='word_1_402' title='bbox 827 4505 950 4555; x_wconf 82' lang='lat' dir='ltr'>etl&#39;aetum</span> <span class='ocrx_word' id='word_1_403' title='bbox 968 4506 1018 4557; x_wconf 90' lang='lat' dir='ltr'>lrl.</span> <span class='ocrx_word' id='word_1_404' title='bbox 1038 4510 1067 4554; x_wconf 87' lang='lat' dir='ltr'>ut</span> <span class='ocrx_word' id='word_1_405' title='bbox 1086 4505 1220 4556; x_wconf 83' lang='lat' dir='ltr'>turbarum</span> <span class='ocrx_word' id='word_1_406' title='bbox 1239 4518 1298 4557; x_wconf 83' lang='lat' dir='ltr'>ruox</span> <span class='ocrx_word' id='word_1_407' title='bbox 1326 4507 1475 4566; x_wconf 85' lang='lat' dir='ltr'>posuttrret</span> 
     </span>
     <span class='ocr_line' id='line_1_39' title="bbox 144 4581 1474 4648; baseline 0 -13"><span class='ocrx_word' id='word_1_408' title='bbox 144 4585 245 4637; x_wconf 75' lang='lat' dir='ltr'>Frustra</span> <span class='ocrx_word' id='word_1_409' title='bbox 265 4588 394 4638; x_wconf 84' lang='lat' dir='ltr'>lletnalua</span> <span class='ocrx_word' id='word_1_410' title='bbox 413 4586 517 4638; x_wconf 76' lang='lat' dir='ltr'>volebat</span> <span class='ocrx_word' id='word_1_411' title='bbox 533 4600 581 4637; x_wconf 86' lang='lat' dir='ltr'>auo</span> <span class='ocrx_word' id='word_1_412' title='bbox 600 4587 716 4648; x_wconf 83' lang='lat' dir='ltr'>corpori.</span> <span class='ocrx_word' id='word_1_413' title='bbox 743 4585 790 4634; x_wconf 77' lang='lat' dir='ltr'>list</span> <span class='ocrx_word' id='word_1_414' title='bbox 827 4585 933 4636; x_wconf 88' lang='lat' dir='ltr'>rullttes.</span> <span class='ocrx_word' id='word_1_415' title='bbox 953 4609 984 4620; x_wconf 92' lang='lat'>-</span> <span class='ocrx_word' id='word_1_416' title='bbox 1008 4581 1158 4648; x_wconf 83' lang='lat' dir='ltr'>pollentio]</span> <span class='ocrx_word' id='word_1_417' title='bbox 1185 4583 1275 4636; x_wconf 85' lang='lat' dir='ltr'>ttsttn</span> <span class='ocrx_word' id='word_1_418' title='bbox 1299 4585 1474 4646; x_wconf 83' lang='lat' dir='ltr'>poenltsntto.</span> 
     </span>
     <span class='ocr_line' id='line_1_40' title="bbox 144 4662 1475 4738; baseline -0.004 -19"><span class='ocrx_word' id='word_1_419' title='bbox 144 4671 209 4719; x_wconf 89' lang='lat' dir='ltr'>autru</span> <span class='ocrx_word' id='word_1_420' title='bbox 226 4667 412 4738; x_wconf 77' lang='grc' dir='ltr'><strong><em>βραχυλογία</em></strong></span> <span class='ocrx_word' id='word_1_421' title='bbox 430 4679 496 4731; x_wconf 79' lang='lat' dir='ltr'>pros</span> <span class='ocrx_word' id='word_1_422' title='bbox 516 4669 555 4717; x_wconf 82' lang='lat' dir='ltr'>ost</span> <span class='ocrx_word' id='word_1_423' title='bbox 583 4666 674 4716; x_wconf 86' lang='lat' dir='ltr'>Batarl</span> <span class='ocrx_word' id='word_1_424' title='bbox 693 4678 709 4714; x_wconf 94' lang='lat' dir='ltr'>a</span> <span class='ocrx_word' id='word_1_425' title='bbox 728 4665 788 4728; x_wconf 82' lang='lat' dir='ltr'>legi·</span> <span class='ocrx_word' id='word_1_426' title='bbox 827 4665 903 4714; x_wconf 81' lang='lat' dir='ltr'>bras.</span> <span class='ocrx_word' id='word_1_427' title='bbox 936 4664 1011 4715; x_wconf 85' lang='lat' dir='ltr'>llaud</span> <span class='ocrx_word' id='word_1_428' title='bbox 1031 4677 1108 4728; x_wconf 89' lang='lat' dir='ltr'>opus.</span> <span class='ocrx_word' id='word_1_429' title='bbox 1138 4662 1273 4714; x_wconf 81' lang='lat' dir='ltr'>Patleotsr</span> <span class='ocrx_word' id='word_1_430' title='bbox 1291 4675 1322 4714; x_wconf 87' lang='lat' dir='ltr'>ae</span> <span class='ocrx_word' id='word_1_431' title='bbox 1341 4665 1419 4715; x_wconf 85' lang='lat' dir='ltr'>taette</span> <span class='ocrx_word' id='word_1_432' title='bbox 1438 4662 1475 4714; x_wconf 81' lang='lat' dir='ltr'>ie·</span> 
     </span>
     <span class='ocr_line' id='line_1_41' title="bbox 144 4744 1475 4807; baseline -0.001 -10"><span class='ocrx_word' id='word_1_433' title='bbox 144 4747 236 4799; x_wconf 77' lang='lat' dir='ltr'>cattus</span> <span class='ocrx_word' id='word_1_434' title='bbox 253 4753 453 4807; x_wconf 87' lang='lat' dir='ltr'>separarentur,</span> <span class='ocrx_word' id='word_1_435' title='bbox 474 4747 543 4798; x_wconf 90' lang='lat' dir='ltr'>tdern</span> <span class='ocrx_word' id='word_1_436' title='bbox 563 4745 629 4804; x_wconf 84' lang='lat' dir='ltr'>lore.</span> <span class='ocrx_word' id='word_1_437' title='bbox 649 4757 680 4796; x_wconf 92' lang='lat' dir='ltr'>ac</span> <span class='ocrx_word' id='word_1_438' title='bbox 693 4747 714 4794; x_wconf 87' lang='lat' dir='ltr'>st</span> <span class='ocrx_word' id='word_1_439' title='bbox 728 4747 789 4807; x_wconf 91' lang='lat' dir='ltr'>quta</span> <span class='ocrx_word' id='word_1_440' title='bbox 827 4745 921 4796; x_wconf 88' lang='lat' dir='ltr'>rebant</span> <span class='ocrx_word' id='word_1_441' title='bbox 946 4747 1022 4794; x_wconf 84' lang='lat' dir='ltr'>letam</span> <span class='ocrx_word' id='word_1_442' title='bbox 1046 4744 1215 4794; x_wconf 82' lang='lat' dir='ltr'>onatsslouem</span> <span class='ocrx_word' id='word_1_443' title='bbox 1239 4744 1395 4803; x_wconf 89' lang='lat' dir='ltr'>solttorum,</span> <span class='ocrx_word' id='word_1_444' title='bbox 1421 4756 1475 4797; x_wconf 82' lang='lat' dir='ltr'>nott</span> 
     </span>
     <span class='ocr_line' id='line_1_42' title="bbox 141 4822 1477 4890; baseline -0.002 -12"><span class='ocrx_word' id='word_1_445' title='bbox 141 4830 241 4889; x_wconf 85' lang='lat' dir='ltr'>eorporl</span> <span class='ocrx_word' id='word_1_446' title='bbox 271 4826 443 4890; x_wconf 84' lang='lat' dir='ltr'>abrumperet</span> <span class='ocrx_word' id='word_1_447' title='bbox 479 4826 654 4876; x_wconf 85' lang='lat' dir='ltr'>raltdlsslmoa</span> <span class='ocrx_word' id='word_1_448' title='bbox 687 4831 787 4875; x_wconf 74' lang='lat' dir='ltr'>artua.»</span> <span class='ocrx_word' id='word_1_449' title='bbox 827 4825 978 4883; x_wconf 84' lang='lat' dir='ltr'>trementer,</span> <span class='ocrx_word' id='word_1_450' title='bbox 998 4835 1050 4872; x_wconf 92' lang='lat' dir='ltr'>nou</span> <span class='ocrx_word' id='word_1_451' title='bbox 1070 4823 1309 4876; x_wconf 67' lang='lat' dir='ltr'>transmeabat.</span> <span class='ocrx_word' id='word_1_452' title='bbox 1330 4822 1477 4886; x_wconf 85' lang='lat' dir='ltr'>Quoaellt-</span> 
     </span>
     <span class='ocr_line' id='line_1_43' title="bbox 172 4901 1476 4967; baseline -0.002 -9"><span class='ocrx_word' id='word_1_453' title='bbox 172 4907 215 4958; x_wconf 73' lang='grc'>29.</span> <span class='ocrx_word' id='word_1_454' title='bbox 238 4907 422 4958; x_wconf 74' lang='lat' dir='ltr'>Viennensium</span> <span class='ocrx_word' id='word_1_455' title='bbox 439 4905 545 4966; x_wconf 72' lang='lat' dir='ltr'>summ]</span> <span class='ocrx_word' id='word_1_456' title='bbox 572 4905 625 4955; x_wconf 90' lang='lat' dir='ltr'>Ctr.</span> <span class='ocrx_word' id='word_1_457' title='bbox 645 4908 671 4963; x_wconf 83' lang='lat'>1.</span> <span class='ocrx_word' id='word_1_458' title='bbox 690 4904 735 4956; x_wconf 80' lang='lat' dir='ltr'>dd.</span> <span class='ocrx_word' id='word_1_459' title='bbox 757 4929 786 4942; x_wconf 93' lang='lat'>··</span> <span class='ocrx_word' id='word_1_460' title='bbox 828 4910 870 4955; x_wconf 89' lang='lat' dir='ltr'>cet</span> <span class='ocrx_word' id='word_1_461' title='bbox 887 4915 939 4953; x_wconf 91' lang='lat' dir='ltr'>non</span> <span class='ocrx_word' id='word_1_462' title='bbox 967 4908 1155 4964; x_wconf 76' lang='lat' dir='ltr'>exasperarent</span> <span class='ocrx_word' id='word_1_463' title='bbox 1172 4901 1321 4958; x_wconf 76' lang='lat' dir='ltr'>Allenlotu.</span> <span class='ocrx_word' id='word_1_464' title='bbox 1346 4911 1425 4967; x_wconf 89' lang='lat' dir='ltr'>atque</span> <span class='ocrx_word' id='word_1_465' title='bbox 1453 4905 1476 4957; x_wconf 82' lang='lat' dir='ltr'>ts</span> 
     </span>
     <span class='ocr_line' id='line_1_44' title="bbox 141 4983 1473 5056; baseline -0.003 -18"><span class='ocrx_word' id='word_1_466' title='bbox 141 4989 287 5047; x_wconf 68' lang='lat' dir='ltr'>aonidum,</span> <span class='ocrx_word' id='word_1_467' title='bbox 315 4983 414 5050; x_wconf 71' lang='lat' dir='ltr'>uultu]</span> <span class='ocrx_word' id='word_1_468' title='bbox 440 4985 633 5056; x_wconf 70' lang='grc' dir='ltr'>βραχυλογία,</span> <span class='ocrx_word' id='word_1_469' title='bbox 663 4998 710 5048; x_wconf 90' lang='lat' dir='ltr'>pro</span> <span class='ocrx_word' id='word_1_470' title='bbox 736 4997 789 5048; x_wconf 88' lang='lat' dir='ltr'>qua</span> <span class='ocrx_word' id='word_1_471' title='bbox 831 4988 945 5045; x_wconf 84' lang='lat' dir='ltr'>lpsororn</span> <span class='ocrx_word' id='word_1_472' title='bbox 976 4985 1103 5043; x_wconf 85' lang='lat' dir='ltr'>patteutta</span> <span class='ocrx_word' id='word_1_473' title='bbox 1130 4985 1207 5034; x_wconf 90' lang='lat' dir='ltr'>clttus</span> <span class='ocrx_word' id='word_1_474' title='bbox 1238 4985 1411 5048; x_wconf 79' lang='lat' dir='ltr'>mitigaretur·</span> <span class='ocrx_word' id='word_1_475' title='bbox 1444 5008 1473 5022; x_wconf 94' lang='lat'><em>-</em></span> 
     </span>
     <span class='ocr_line' id='line_1_45' title="bbox 140 5056 1477 5128; baseline -0.002 -9"><span class='ocrx_word' id='word_1_476' title='bbox 140 5071 205 5119; x_wconf 87' lang='lat' dir='ltr'>attus</span> <span class='ocrx_word' id='word_1_477' title='bbox 222 5071 339 5128; x_wconf 86' lang='lat' dir='ltr'>sertptor</span> <span class='ocrx_word' id='word_1_478' title='bbox 363 5065 440 5116; x_wconf 85' lang='lat' dir='ltr'>ttettc</span> <span class='ocrx_word' id='word_1_479' title='bbox 468 5066 590 5115; x_wconf 82' lang='lat' dir='ltr'>attalaset:</span> <span class='ocrx_word' id='word_1_480' title='bbox 615 5067 696 5114; x_wconf 82' lang='lat' dir='ltr'>uetuit</span> <span class='ocrx_word' id='word_1_481' title='bbox 721 5067 790 5115; x_wconf 80' lang='lat' dir='ltr'>antara</span> <span class='ocrx_word' id='word_1_482' title='bbox 825 5056 935 5126; x_wconf 82' lang='lat' dir='ltr'>paucos]</span> <span class='ocrx_word' id='word_1_483' title='bbox 953 5061 1056 5123; x_wconf 84' lang='lat' dir='ltr'>Llpstus</span> <span class='ocrx_word' id='word_1_484' title='bbox 1075 5060 1189 5112; x_wconf 83' lang='lat' dir='ltr'>metebat</span> <span class='ocrx_word' id='word_1_485' title='bbox 1204 5064 1318 5126; x_wconf 83' lang='lat' dir='ltr'>porreta,-</span> <span class='ocrx_word' id='word_1_486' title='bbox 1340 5064 1387 5116; x_wconf 86' lang='lat' dir='ltr'>aad</span> <span class='ocrx_word' id='word_1_487' title='bbox 1416 5076 1477 5116; x_wconf 83' lang='lat' dir='ltr'>een·</span> 
     </span>
     <span class='ocr_line' id='line_1_46' title="bbox 141 5143 1477 5214; baseline -0.003 -13"><span class='ocrx_word' id='word_1_488' title='bbox 141 5149 210 5201; x_wconf 81' lang='lat' dir='ltr'>oltra</span> <span class='ocrx_word' id='word_1_489' title='bbox 226 5146 338 5214; x_wconf 81' lang='lat' dir='ltr'>etptltaa</span> <span class='ocrx_word' id='word_1_490' title='bbox 354 5146 527 5198; x_wconf 63' lang='lat' dir='ltr'>amaneum.</span> <span class='ocrx_word' id='word_1_491' title='bbox 542 5144 641 5196; x_wconf 83' lang='lat' dir='ltr'>Locum</span> <span class='ocrx_word' id='word_1_492' title='bbox 661 5143 790 5197; x_wconf 83' lang='lat' dir='ltr'>detorma-</span> <span class='ocrx_word' id='word_1_493' title='bbox 828 5155 873 5194; x_wconf 86' lang='lat' dir='ltr'>eoa</span> <span class='ocrx_word' id='word_1_494' title='bbox 890 5149 947 5192; x_wconf 82' lang='lat' dir='ltr'>esta</span> <span class='ocrx_word' id='word_1_495' title='bbox 978 5153 1047 5192; x_wconf 82' lang='lat' dir='ltr'>rouo</span> <span class='ocrx_word' id='word_1_496' title='bbox 1066 5143 1146 5194; x_wconf 86' lang='lat' dir='ltr'>totlua</span> <span class='ocrx_word' id='word_1_497' title='bbox 1175 5145 1304 5196; x_wconf 84' lang='lat' dir='ltr'>eaereltoa</span> <span class='ocrx_word' id='word_1_498' title='bbox 1331 5145 1410 5196; x_wconf 88' lang='lat' dir='ltr'>latum</span> <span class='ocrx_word' id='word_1_499' title='bbox 1437 5143 1477 5198; x_wconf 91' lang='lat' dir='ltr'>tu·</span> 
     </span>
    </p>
   </div>
   <div class='ocr_carea' id='block_1_6' title="bbox 0 0 1824 5880">
    <p class='ocr_par' dir='ltr' id='par_1_6' title="bbox 0 0 1824 5880">
     <span class='ocr_line' id='line_1_47' title="bbox 0 0 1824 5880; baseline 0 0"><span class='ocrx_word' id='word_1_500' title='bbox 0 0 1824 5880; x_wconf 95' lang='lat' dir='ltr'> </span> 
     </span>
    </p>
   </div>
  </div>
 </body>
</html>
