3576 5882
329 451 336 467 ’
430 455 549 526 mnu
569 461 609 526 V.
653 457 857 526 Excuusus
878 460 931 524 Au
955 459 990 524 C.
1014 463 1046 525 3.
1070 460 1100 526 i.
1122 463 1154 528 ό.
1402 461 1462 530 82⁷

128 615 304 690 τεσείειόε,
331 631 408 691 quur
426 633 496 676 mox
515 614 548 676 G.
568 617 598 675 λ.
620 619 656 676 do
675 620 750 678 uuiui
769 622 848 679 oullu
874 623 950 696 upud
969 621 1092 680 luduoor
1113 621 1272 679 lruduulur.
1313 623 1407 694 Quum
1425 624 1463 683 ud

129 717 188 762 rum
207 702 261 760 oir.
282 701 426 762 Diodorus
452 703 566 774 rrarm.
585 703 618 762 l..
638 703 691 762 δότ
726 703 876 783 Ἀντίοχος
902 703 1101 783 όἘπιφανὴς
1119 739 1135 754 -
1154 741 1171 754 -
1189 709 1331 782 εἰσῆλθεν
1351 714 1392 773 εἰς
1411 706 1465 767 τὸν

128 783 242 846 ἄδυτον
261 789 317 871 τοῦ
329 791 406 849 θεοῦ
422 787 521 861 σηκόν
534 821 552 836 -
564 807 600 836 -··
619 789 715 868 εύρῶν
734 788 766 849 δὲ
787 789 819 850 ἐν
840 789 925 864 αύτῷ
943 791 1064 852 λίθινον
1084 786 1211 871 ἄγαλμα
1229 787 1341 872 ἀνδρὸς
1358 795 1465 874 βαθυ-

127 877 271 952 πῶχωνος
289 870 471 952 καθήμενον
488 874 533 932 ἐπ’
554 871 627 934 όνου
644 873 725 954 μετά
742 876 851 956 χεῖρας
873 871 951 953 ’έχων
972 875 1119 956 βιβλίον,
1147 878 1239 936 τοῦτο
1257 877 1316 955 μὲν
1337 874 1467 946 ὑπέλαβε

127 955 284 1022 Μωυσέως
304 954 384 1018 εἶναι
402 961 458 1018 τοῦ
476 958 639 1026 κτίσαντος
654 955 696 1019 τά
711 959 906 1040 Ἰεροσόλυμα
918 958 972 1020 καὶ
985 960 1220 1042 συστησαμένου
1234 959 1271 1020 τὸ
1284 957 1386 1029 ἔθνος.
1422 963 1467 1022 Eu

127 1043 232 1120 puiirur
251 1045 347 1114 putul,
368 1042 445 1102 undo
464 1047 495 1101 ol
513 1046 628 1117 quoodo
647 1045 720 1104 liuor
739 1047 837 1105 iubula
855 1049 918 1104 orla
936 1048 984 1104 rii.
1024 1046 1164 1120 Iosephus
1184 1064 1211 1106 o.
1226 1047 1262 1106 A.
1276 1046 1311 1115 λ,
1326 1048 1354 1104 7.
1394 1047 1465 1106 Tor·

128 1130 267 1189 rullianus
287 1129 412 1200 Apulos.
433 1128 480 1188 16.
509 1129 649 1188 Nimirum
669 1133 763 1190 oulluo
782 1131 931 1205 Typhonis
952 1133 1106 1189 iruuululus
1130 1136 1176 1190 ool
1199 1133 1336 1192 auoooio
1355 1149 1411 1208 quo
1430 1133 1467 1191 ud

127 1214 414 1276 immurmuro
434 1213 473 1273 λε.
494 1218 524 1272 ol
541 1215 593 1273 0⁵.
613 1215 671 1274 30:
703 1213 760 1292 τὴν
783 1219 838 1274 τοῦ
858 1219 1003 1290 Τυφῶνος
1025 1215 1252 1295 ἠμαυρωμένην
1278 1213 1334 1276 καὶ
1358 1235 1466 1276 συντε-

128 1299 300 1380 τριμμένην
318 1296 471 1378 δύναμιν,
490 1295 535 1358 ἔτι
554 1298 585 1360 δὲ
604 1298 659 1360 καὶ
679 1301 945 1378 ψυχορραγοῦσαν
968 1297 1210 1373 σφαδάζουσαν,
1232 1299 1315 1361 ’ἐστιν
1335 1296 1387 1367 αίς
1404 1321 1466 1360 rra-

129 1385 299 1464 ρηχοροῦσι
309 1384 437 1450 θυσίαις
449 1381 503 1443 καί
521 1386 733 1464 πραΰνουσιν·
753 1384 819 1444 ἔστι
834 1384 860 1444 δ’
881 1381 929 1444 ότε
948 1387 1040 1446 πάλιν
1060 1386 1270 1446 ἐκταπεινοῦσι
1289 1381 1344 1446 καὶ
1361 1391 1467 1447 καθυ-

127 1467 288 1564 βρίζουσιν
306 1463 340 1527 ἕν
357 1488 438 1528 τισιν
449 1465 570 1546 ἑορταῖς
583 1503 602 1515 -
615 1507 632 1517 -
646 1467 717 1531 όνον
731 1506 748 1516 -
761 1507 778 1517 -
791 1472 1107 1549 κατακρημνίζοντες,
1128 1474 1168 1537 ῶς
1180 1469 1348 1542 Κοπτῖται,
1368 1467 1419 1530 διά
1432 1467 1468 1530 τὸ
1586 1477 1597 1500 ·

128 1549 248 1632 πυρρὸν
263 1553 418 1635 γεγονέναι
439 1549 495 1613 τόν
516 1561 650 1630 Τυφῶνα
669 1555 724 1616 καί
740 1554 838 1629 ὁνιόδη
859 1557 914 1632 τὴν
921 1554 1026 1633 χρόαν
1038 1557 1102 1614 κτλ.
1143 1557 1203 1615 Cir.
1216 1558 1342 1617 Mueller
1353 1575 1383 1632 p.
1399 1552 1465 1614 sul.

127 1641 285 1712 Alimon,
316 1655 415 1698 rorum
435 1643 467 1697 ul
485 1640 596 1714 lrlour,
626 1643 803 1716 probabilius
828 1636 968 1712 originem
994 1641 1075 1698 iulius
1100 1642 1206 1700 orrorio
1225 1643 1262 1700 do
1282 1644 1364 1701 asino
1385 1657 1403 1699 ε
1421 1642 1468 1699 iu·

128 1727 211 1788 doeio
239 1726 315 1786 oullo
335 1726 391 1784 ulii
416 1729 549 1800 τορείας
577 1729 648 1788 mihi
675 1730 809 1790 videnlur
837 1743 856 1784 ιι
885 1726 1028 1785 Cherubim
1053 1728 1132 1798 illio,
1166 1742 1241 1801 quuo
1265 1729 1382 1802 proprie
1401 1729 1470 1785 ruul

129 1815 272 1884 lou'uruo,
305 1813 443 1872 animalia
470 1813 623 1886 sphingiou
649 1817 857 1890 Aegyptiorum
887 1831 925 1872 ox
953 1816 1038 1883 alito,
1071 1813 1188 1872 homino
1221 1818 1250 1871 ol
1280 1811 1469 1889 quadrupedo

129 1899 307 1972 oompouilu,
339 1899 452 1958 iouuuli
477 1901 525 1958 dol
550 1902 646 1960 currui
665 1903 762 1961 iuuolu
781 1907 811 1961 et
829 1903 952 1976 primum
970 1903 1002 1959 in
1022 1902 1114 1958 saucii
1133 1901 1312 1960 luboruuouli
1330 1899 1469 1972 opererio

130 1985 238 2061 (Eroti.
258 1985 314 2055 25,
336 1985 417 2056 lu),
437 1986 544 2044 doiurlo
563 1987 595 2046 io
615 1990 723 2061 lomplo
742 1989 861 2062 eiusque
882 1989 967 2060 odylo
987 2002 1005 2045 u
1024 1987 1182 2061 parielibus
1200 1987 1305 2044 officia.
1333 1984 1373 2060 (l.
1394 1984 1467 2057 lieu.

128 2072 165 2144 6,
184 2069 245 2144 2³.)
264 2069 338 2128 vido
358 2069 538 2143 RupurIium.
570 2103 606 2117 -
636 2077 749 2147 reprimo
768 2076 812 2131 dio
831 2070 934 2148 olium]
967 2073 1078 2145 Dignus
1097 2076 1161 2143 ori,
1190 2074 1238 2147 qui
1258 2071 1306 2130 hio
1323 2072 1470 2128 inseratur
1593 2099 1596 2110 ·

128 2161 211 2217 iocur
230 2157 332 2218 Rutilii
349 2157 512 2216 Numuliuui
534 2157 597 2232 (oio)
619 2160 659 2231 1,
679 2159 747 2219 387.
781 2161 836 2218 Ed.
857 2158 999 2232 Zumplii‚
1030 2159 1078 2216 uhi
1106 2161 1193 2231 pollo
1221 2159 1297 2230 opud
1327 2157 1470 2230 φιετιιίιιττι

128 2258 295 2316 ouupouom
311 2241 446 2300 λιιιλιιιτιιττ
465 2244 640 2310 devenitur,
674 2244 813 2304 Humanis
835 2244 943 2301 animal
964 2244 1109 2302 uirroriulo
1134 2244 1221 2300 ιίόίιε
1254 2243 1401 2302 λλιιλιλίωατ
1422 2243 1470 2301 ολ·-

128 2344 243 2388 τιοττσε
264 2330 389 2386 conuicio
408 2328 500 2386 ίιύιλσ
518 2331 610 2404 proli,
641 2329 719 2400 Quor
735 2333 852 2406 ρειττλσίτ
876 2337 958 2402 copul
980 2331 1151 2402 propudium
1171 2331 1256 2387 motii.
1290 2328 1385 2386 λσιλίε
1402 2328 1471 2387 riul-

129 2418 227 2472 liriur:
248 2415 294 2472 oui
312 2417 419 2488 [rioilo
437 2415 556 2474 τσόύολσ
575 2418 671 2483 ταῶ,
699 2415 752 2476 seo
775 2433 823 2476 ror
842 2417 973 2488 [rioidiru
994 2415 1127 2489 rellpiooe
1146 2431 1208 2473 ττισ.
1248 2413 1370 2488 Septimo
1387 2431 1472 2488 puor-

129 2520 180 2576 ρτιε
202 2502 261 2559 dieo
280 2502 355 2573 lurpi
370 2501 505 2559 domnolo
524 2509 651 2568 οείετιιο,
676 2500 829 2576 Tamquam
848 2497 946 2560 λα’τεσλί
965 2501 1057 2559 mollis
1076 2503 1169 2576 τ’τττσρο
1188 2501 1249 2560 dri:
1271 2527 1308 2545 ·-
1322 2531 1360 2548 -
1381 2497 1472 2560 Virio-

127 2604 225 2661 τωραε
243 2602 307 2644 ιιιοι
326 2581 412 2643 nulio‘
425 2589 499 2644 ω’ςλσ
515 2590 625 2661 promit.

203 2747 234 2808 5.
268 2747 372 2806 lriiuiu
395 2754 422 2808 ri
445 2747 545 2824 τείρει]
580 2749 662 2808 Philo
680 2749 751 2820 uer.
781 2749 817 2806 ud
838 2747 938 2808 Guium
957 2747 1012 2808 2³:
1041 2746 1206 2806 Ἠπίστατο
1228 2745 1392 2827 (πβίριος)
1417 2745 1473 2806 καί

123 2831 282 2912 χρήματα
302 2839 536 2911 συναγαγόντας
563 2830 625 2893 ἀπό
646 2835 707 2891 τῶν
732 2833 882 2910 ἀπαρχῶν
909 2829 979 2912 ἱερά
1004 2829 1059 2890 καὶ
1083 2831 1259 2910 πέμποντας
1285 2836 1329 2898 είς
1342 2829 1472 2910 Ἰεροσό-

128 2919 214 2997 λυμα
236 2913 289 2976 διά
310 2917 372 2976 τῶν
390 2916 506 2984 θυσίας
525 2917 713 2992 ἀναξόντων.
752 2918 790 2978 Ei
813 2917 864 2976 δίε
897 2919 982 2978 Καθ’
1003 2911 1137 2976 Ιἕκαστον
1160 2913 1302 2977 ἐνιαυτὸν
1323 2921 1471 2997 ίεροπομ·

128 3001 181 3064 πολ
205 3003 371 3062 στέλλοντα
395 3006 517 3083 χρυσόν
545 3001 600 3064 καί
626 3001 765 3083 ἀργυρον
792 3001 932 3062 πλεῖστον
958 3001 1133 3080 κομίζοντες
1160 3006 1202 3066 είς
1228 2996 1265 3060 τό
1288 2999 1388 3080 ἱερόν,
1418 2996 1472 3060 τὸν

128 3089 352 3169 ἀθροισθέντα
369 3085 404 3146 ἐκ
421 3091 486 3148 τῶν
504 3087 673 3170 ἀπαρχῶν,
699 3087 873 3169 δυσβάτσυς
891 3084 945 3145 καὶ
968 3084 1102 3164 ἀτριβεῖς
1119 3082 1174 3144 καί
1194 3084 1365 3158 ἀνηνύτους
1384 3082 1473 3150 ὁδούς

128 3168 365 3252 περαιούμενοι,
392 3168 431 3239 ἀς
450 3174 624 3250 λεωφόρους
646 3171 725 3233 εἶναι
749 3174 941 3253 νομίζουσιν,
970 3167 1017 3231 ότι
1037 3169 1114 3253 πρὸς
1131 3169 1287 3230 εύοίθειαν
1310 3167 1395 3250 ἀχειν
1419 3168 1472 3230 δο-

128 3259 232 3318 κοῦσι.
272 3253 412 3330 lorophuo
429 3258 466 3320 A.
488 3257 512 3318 1.
532 3261 566 3333 7,
585 3259 624 3319 2:
656 3259 813 3339 Θαυμάση
833 3257 864 3318 δὲ
881 3255 1002 3338 μηδείς,
1021 3262 1050 3315 εί
1063 3257 1211 3322 τοσοῦτος
1232 3245 1270 3331 ἦν
1292 3256 1423 3321 πλοῦτος
1438 3255 1470 3314 ἕν

129 3344 172 3416 τῷ
189 3341 328 3422 ἡμετέρῳ
346 3345 436 3417 ἱερῷ,
468 3343 595 3404 πάντων
614 3349 673 3404 τῶν
700 3340 783 3404 κατά
798 3329 865 3417 1τὴν
889 3340 1073 3420 οἰκουμένην
1094 3337 1249 3399 Ἰουδαίων
1268 3337 1324 3399 καί
1344 3337 1473 3420 σεβομί·

128 3449 193 3490 νων
211 3425 269 3488 τὸν
285 3427 380 3496 θεόν.
398 3425 444 3492 ἔτι
461 3427 493 3488 δὲ
514 3426 569 3488 καὶ
586 3433 646 3490 τῶν
665 3427 728 3488 ἀπὸ
745 3435 799 3504 τῆς
810 3427 910 3492 Ἀσίας
926 3424 980 3484 καί
996 3428 1052 3501 τῆς
1064 3423 1212 3504 Εὐρώπης
1233 3431 1275 3492 είς
1294 3421 1374 3487 αὐτὸ
1390 3444 1471 3502 συμ-

129 3512 292 3593 φερόντων
309 3515 344 3578 ίκ
356 3516 474 3576 πολλῶν
490 3513 572 3573 πάνυ
580 3513 715 3593 χρόνων.
749 3513 843 3576 Curiis
854 3519 952 3572 aulum
966 3513 1143 3586 urgumouliu
1162 3512 1307 3584 colligitur
1325 3509 1472 3570 urbium

128 3600 208 3659 ullru
234 3598 395 3676 l,ouo‚oou
421 3599 543 3660 ludaoor
573 3603 665 3662 lorruo
696 3600 873 3671 peregrinus.
925 3600 1021 3673 Alque
1051 3597 1177 3656 uolubilo
1205 3600 1250 3654 ool
1276 3595 1472 3656 lerliruouium

127 3685 263 3748 Philonis
280 3689 312 3748 ill
328 3691 424 3750 Flauo.
446 3686 475 3746 6.
496 3703 526 3760 p.
547 3684 624 3742 97¹:
657 3683 718 3744 Ούκ
737 3682 901 3744 ἀποδέουσι
916 3680 1077 3763 μυριοίδων
1095 3681 1206 3740 ἑκατόν
1226 3688 1255 3740 ολ
1272 3679 1328 3756 τὴν
1339 3679 1472 3753 Ἀλεξάν-

128 3770 237 3851 δρειαν
258 3781 314 3832 καλ
326 3771 378 3852 τὴν
385 3770 497 3852 χώραν
514 3768 653 3830 Ἰουδαῖοι
669 3771 883 3834 κατοικοῦντες
896 3764 1025 3828 ἀπὸτοῦ
1039 3763 1115 3846 πρὸς
1127 3769 1245 3847 Λιβύην
1258 3769 1473 3846 καταβαθμοῦ

127 3859 224 3940 μέχρι
243 3859 304 3920 τῶν
327 3857 419 3939 ὁρίων
438 3854 612 3921 Αἰθιοπίας.
633 3883 669 3898 ·-
689 3854 787 3912 ludaei
804 3862 891 3911 moute
908 3851 987 3929 oola]
1010 3853 1120 3924 Dignus
1139 3854 1200 3922 ool,
1221 3852 1271 3926 qui
1292 3852 1470 3922 uouioralur,

129 3945 240 4005 strabo
260 3943 308 4002 lu.
328 3961 358 4019 p.
378 3942 454 4003 760:
469 3935 548 4016 ΙἘφη
570 3943 629 4019 γὰρ
649 3943 784 4014 Μωυσῆς
800 3936 855 3998 καὶ
876 3935 1050 4006 ἐδίδασκεν,
1070 3937 1109 4001 ῶς
1131 3935 1188 3994 ούκ
1208 3937 1312 4014 ὀρθῶς
1331 3933 1474 4012 φρονοῖεν

128 4035 294 4110 aestimor
317 4029 441 4109 θηρίοις
460 4025 629 4097 εἰκάζοντες
644 4021 699 4083 καὶ
709 4023 893 4103 βοσκήμασι
911 4019 946 4081 τό
968 4021 1073 4082 θεῖον·
1095 4017 1158 4078 οὐδ’
1174 4026 1204 4078 ol
1216 4019 1345 4099 Λίβυες,
1366 4019 1422 4078 οὐκ
1441 4015 1475 4076 εύ

128 4113 160 4175 δέ
174 4111 244 4174 οὐδ’
257 4109 446 4189 οίἝλληνες,
465 4108 760 4187 ἀνθρωπομόρφουι·
780 4111 958 4173 τυποῦντες·
980 4107 1026 4178 είη
1046 4101 1105 4186 γὰρ
1120 4103 1153 4164 ἓν
1173 4105 1263 4162 τούτο
1282 4103 1382 4179 μόνον
1400 4098 1474 4168 θεὸς

129 4198 167 4260 τό
192 4208 335 4278 περιέχον
354 4198 438 4276 ἡμᾶς
461 4192 602 4258 ἅπαντας
626 4190 680 4251 καί
693 4195 751 4269 γῆν
770 4188 824 4252 καί
844 4193 1027 4262 θάλατταν,
1056 4193 1074 4250 ὃ
1091 4191 1247 4268 καλοῦμεν
1265 4185 1401 4267 οὐρανόν
1420 4185 1475 4246 καί

129 4293 256 4366 κόσμον
271 4282 326 4344 καί
346 4283 482 4358 τὴντῶν
501 4277 599 4339 ὄντων
621 4276 728 4354 φύσιν.
771 4283 883 4335 Ίούτου
903 4272 940 4351 δη
960 4277 1004 4342 τίς
1025 4273 1066 4335 ἀν
1078 4277 1182 4335 εἰκόνα
1194 4272 1337 4333 πλάττειν
1348 4272 1473 4348 θαρῥη-

129 4391 192 4433 σειε
209 4372 288 4431 νοῦν
306 4367 385 4448 ἔχων
401 4364 513 4444 ὁμοίαν
527 4359 599 4422 τινά
616 4364 677 4420 τῶν
696 4362 769 4438 παρ’
786 4361 863 4440 ἡμῖν
872 4385 884 4434 ,·
910 4361 969 4423 ἀλλ’
993 4363 1048 4434 ίᾷν
1067 4359 1111 4421 δεῖ
1128 4362 1235 4418 πᾶσαν
1255 4355 1472 4432 ξοανοποιίαν,

128 4457 259 4536 τίμενος
271 4453 488 4531 ἀφορίσαντας
512 4447 566 4508 καί
586 4445 683 4522 σηκὸν
702 4445 862 4524 ἀξιόλογον
880 4449 976 4526 τιμᾷν
994 4443 1090 4510 εἴδους
1105 4442 1211 4522 χωρίς.
1246 4441 1475 4522 Ἐχκοιμάσθαι

128 4541 162 4602 δὲ
181 4535 368 4604 καίαύτούς
385 4539 461 4618 ὑπὲρ
479 4533 597 4594 ἑαυτῶν
616 4529 671 4591 καί
691 4535 765 4611 ὑπὲρ
784 4529 962 4590 τῶνᾶλλων
984 4527 1094 4595 ἀλλους
1111 4526 1183 4595 τούς
1198 4525 1389 4606 εύονείρους·
1420 4525 1475 4586 καὶ

128 4623 314 4707 προσδοκᾷν
331 4622 392 4684 δεῖν
413 4617 501 4698 παρὰ
519 4621 575 4678 τοῦ
593 4620 670 4678 θεοῦ
693 4616 748 4676 καί
770 4614 870 4696 δῶρον
884 4615 936 4674 ἀεί
954 4637 983 4674 τι
1001 4611 1056 4672 καί
1069 4613 1197 4692 σημεῖον
1219 4609 1292 4678 τούς
1305 4619 1474 4695 σωφρόνως

129 4715 254 4786 ζῶντας
274 4708 329 4770 καί
354 4703 435 4790 μετὰ
455 4703 671 4779 δικαιοσύνης,
701 4701 771 4767 τούς
789 4697 814 4759 δ’
834 4697 944 4765 ἀλλους
965 4695 1010 4780 μὴ
1030 4695 1218 4776 προσδοκᾷν.
1265 4699 1318 4758 ulo
1337 4699 1395 4772 ³7,
1417 4699 1472 4758 172

129 4795 267 4876 ἄγαλμα
286 4793 374 4855 οὐδέν
395 4794 428 4853 έν
448 4789 554 4857 αὐτοῖς
577 4792 648 4858 ποτὲ
675 4789 737 4855 τοῖς
762 4785 981 4866 Ἰεροσολύμοις
1001 4782 1106 4862 ἔσχον·
1140 4779 1277 4862 ἄρρητον
1303 4779 1335 4842 δὲ
1360 4780 1398 4859 δὴ
1421 4781 1476 4845 καί

130 4879 223 4956 ἀειδῆ
241 4877 337 4940 αὑτὸν
355 4878 529 4958 νομίζοντες
548 4873 645 4945 εἶναι,
664 4875 871 4953 περισσότατα
882 4869 1059 4950 ἀνθρώπιον
1076 4867 1296 4948 θρησκεύουσι.
1318 4865 1373 4927 καὶ
1390 4867 1475 4944 αύτῷ

130 4965 212 5032 νεῶν
223 4985 257 5025 τε
271 4963 415 5046 μέγιστον
432 4955 487 5022 κάῖ
502 4961 793 5042 περικαλλέστατον,
811 4953 890 5032 πλὴν
909 4958 984 5016 καθ’
1007 4950 1082 5014 ὅσον
1098 4951 1218 5032 ἀχανής
1234 4949 1336 5013 τεκαὶ
1353 4951 1474 5034 ἀνόρο-

131 5074 195 5129 φος
223 5051 281 5128 ἦν,
309 5049 496 5124 ἐξεποίησαν.
547 5047 601 5105 lioi
627 5061 733 5104 nomon
761 5043 901 5102 momorui
929 5042 1072 5100 Diodorus
1098 5039 1131 5112 l,
1152 5037 1205 5096 9⁸:
1248 5033 1336 5116 παρὰ
1359 5033 1390 5096 δὲ
1412 5038 1475 5106 ταῖς

129 5133 291 5202 Ἰουδαίοις
316 5135 474 5218 ἱστοροῦσι
498 5134 634 5206 Μωυσῆν
658 5127 712 5190 τὸν
735 5131 801 5188 ’λαῶ
830 5125 1066 5206 ἐπικαλούμενον
1093 5119 1171 5187 θεὸν
1197 5121 1475 5206 προσποιήσασθαι
