3574 5878
579 419 780 488 omnooos
810 423 885 508 cap.
907 425 960 494 ss.
982 426 1036 488 ιο.
1417 430 1478 492 ιιι

141 599 206 668 que
230 575 358 646 indiciis
385 583 530 648 erederet
555 582 690 668 populns
721 583 880 648 Romanus
908 604 964 650 sua
993 584 1147 651 interesse
1174 586 1250 672 quid
1271 584 1476 654 indicaretur.

140 695 217 760 sads
245 700 367 759 constsd
388 694 422 758 o.
446 693 629 792 Cornelium
652 703 683 760 et
703 698 747 762 ld.
772 697 923 762 Scaurum
945 705 977 761 et
998 700 1035 762 Τ.
1058 697 1209 766 blilonem
1230 705 1262 764 ct
1283 701 1319 762 L.
1342 701 1479 766 Bestiam

141 813 173 872 et
198 808 234 872 P.
257 805 418 872 Vatinium
439 826 594 874 concursu
616 809 711 874 totins
732 808 867 874 civitatis
890 817 922 874 et
942 818 1104 876 accusatos
1125 820 1158 877 ct
1179 809 1342 886 defensos.
1367 819 1403 877 nt
1422 811 1480 878 iri-

140 919 321 1006 qidiesimos
334 938 462 1006 quoque
476 927 618 986 omtores
632 921 701 1004 ipsa
714 923 861 992 certantis
876 922 985 1009 populi
1000 921 1102 990 studia
1117 923 1255 990 excitare
1265 931 1297 988 et
1312 925 1479 998 incendere

139 1034 312 1120 potuerint.
335 1035 441 1118 itaque
457 1035 586 1098 hercule
604 1034 759 1100 eiusmodi
775 1034 851 1100 libri
863 1042 996 1108 exstant,
1017 1043 1054 1102 ui
1065 1035 1125 1122 ipsi
1139 1057 1265 1122 quoquo
1281 1038 1335 1121 qui
1347 1047 1507 1121 egerunis.

140 1167 205 1212 non
227 1145 296 1212 aliis
316 1149 416 1230 magia
436 1146 633 1214 unctionibus
653 1155 850 1214 censeantur.
896 1148 956 1231 (itt)
979 1148 1043 1214 iam
1062 1169 1138 1214 vero
1156 1151 1319 1216 contiones
1337 1151 1481 1216 assiduae

141 1266 174 1325 et
201 1261 307 1325 datum
334 1258 384 1324 ins
410 1259 665 1344 potentissimum
691 1281 849 1348 quemque
878 1261 1012 1328 vexandi
1041 1269 1136 1347 atque
1157 1261 1225 1348 ipsa
1245 1262 1480 1330 inimicitiarum

140 1374 260 1458 gloria,
282 1391 353 1436 cum
376 1391 411 1438 ιι
431 1371 559 1458 plurimi
580 1372 772 1440 disertorum
794 1394 834 1440 ne
855 1395 874 1438 a
896 1377 930 1439 P.
954 1373 1082 1462 quidem
1098 1376 1246 1458 Scipione
1260 1382 1314 1440 aut
1329 1376 1415 1444 Sulla
1428 1384 1483 1442 aut

141 1488 202 1550 Gn.
225 1487 376 1573 Pompeio
398 1483 605 1562 abstinerent,
629 1493 661 1551 et
683 1485 724 1552 ad
738 1486 940 1553 incessendos
954 1490 1111 1574 principes
1125 1490 1230 1564 viros,
1253 1496 1289 1553 ut
1307 1500 1356 1555 est
1372 1497 1483 1572 natura

139 1598 288 1675 insidiae,
311 1598 419 1685 populi
431 1619 558 1686 quoque
570 1599 593 1680 †
606 1607 637 1665 et
648 1599 815 1666 histriones
828 1602 958 1666 auribus
973 1607 1145 1677 uterentur,
1168 1610 1319 1687 quantum
1334 1605 1522 1678 ardorem„

140 1711 299 1796 ingeniis,
323 1732 401 1796 quas
423 1715 603 1779 oratoribus
625 1711 708 1778 iaces
730 1715 956 1780 admonebantt
995 1734 1060 1780 non
1082 1713 1121 1780 de
1144 1716 1246 1782 otiosa
1267 1723 1299 1780 et
1319 1714 1426 1802 quieta
1448 1735 1483 1782 re

211 1885 238 1935 i.
256 1898 301 1949 pc.
320 1881 370 1935 lio.
389 1885 421 1934 P.
441 1909 474 1919 -
492 1883 520 1934 ι.
540 1885 568 1936 c.
588 1885 626 1935 P:
649 1881 746 1935 Gaium
765 1885 832 1936 tib.
857 1911 885 1922 -
904 1885 943 1934 M.
957 1885 997 1935 Pr
1016 1885 1138 1937 Marcum
1151 1887 1172 1936 li
1185 1886 1218 1937 b.
1232 1911 1263 1924 -
1286 1887 1316 1938 T.
1337 1888 1374 1938 Pr
1396 1889 1484 1940 Titum

139 1953 210 2006 on.
230 1979 265 1991 -
282 1955 313 2006 1..
333 1954 370 2006 P:
390 1956 498 2006 ιιιιιιιιιι
518 1954 584 2005 tib.
604 1981 638 1992 —
654 1954 681 2006 3.
702 1957 735 2007 Ρ.
754 1956 791 2006 P:
809 1955 931 2006 Publium
951 1957 1017 2006 lili.
1032 1981 1066 1994 -
1082 1960 1109 2009 5.
1130 1961 1231 2021 eperini
1249 1959 1299 2009 ιιιι.
1319 1961 1330 2008 ι
1348 1972 1483 2020 superscr.

139 2042 159 2076 ιι
179 2026 209 2077 Ρ.
230 2051 261 2065 -
281 2025 309 2076 b.
327 2033 418 2078 coni..·
439 2040 510 2076 conc.
530 2025 630 2076 Plill.
652 2049 682 2062 -
703 2025 729 2076 8.
751 2026 778 2075 Ρ.
800 2027 839 2076 P:
859 2027 953 2076 Publio
972 2027 1040 2077 tin.
1059 2052 1092 2063 -
1122 2027 1196 2092 Syllo
1214 2029 1244 2078 P·
1264 2051 1296 2064 -
1324 2030 1350 2080 9.
1372 2030 1482 2081 iim-P:

141 2091 234 2148 Gnaeo
252 2093 319 2146 BD.
342 2122 370 2134 -
406 2097 448 2147 ro.
469 2109 572 2160 quoque
591 2103 616 2148 et
633 2097 772 2148 histriones
790 2105 912 2158 corrupte
932 2107 992 2148 cnm
1015 2105 1076 2148 cett.
1098 2097 1137 2148 P:
1166 2112 1267 2163 quoque
1293 2101 1484 2151 correctioribus

140 2167 301 2220 Heumeuno
319 2173 427 2220 auctore
445 2167 484 2226 B,
512 2179 615 2232 quoque
639 2167 716 2218 istius
740 2170 834 2231 pronis
853 2167 937 2218 tioed.
964 2180 1039 2231 susp.
1062 2193 1090 2206 -
1119 2170 1161 2219 it.
1180 2167 1395 2232 admonebanii]
1423 2171 1486 2224 Post

139 2238 192 2288 boc
211 2251 235 2289 r·
256 2249 378 2300 magnum
398 2249 455 2290 esse
475 2235 606 2289 deiectum
627 2245 700 2288 ratus
719 2245 759 2289 est
772 2239 948 2289 Heumannus
968 2242 1046 2301 eique
1066 2239 1180 2289 eredidit
1195 2239 1317 2292 Wstiber
1329 2248 1356 2292 et
1367 2240 1483 2293 liciter.

138 2307 277 2360 liciniasii
294 2309 395 2368 ltitier.
416 2320 465 2358 nec
483 2307 565 2359 uitam
586 2311 642 2361 eiua
661 2312 699 2359 ret
718 2311 857 2372 vestigium
877 2315 1011 2370 comparet
1029 2311 1056 2359 tn
1069 2309 1090 2359 P
1102 2311 1131 2360 P.
1157 2335 1186 2348 ·-
1216 2313 1304 2375 quieta
1325 2307 1364 2373 re]
1386 2312 1436 2360 all.
1458 2325 1484 2364 ι.

140 2393 171 2432 ιι
190 2379 388 2443 publicaretis
407 2392 477 2442 opus
496 2379 637 2440 rideatur,
656 2393 713 2442 rap.
733 2381 773 2432 ιιι
792 2381 823 2431 ιι.
837 2379 891 2439 ιι..
910 2392 939 2431 ιι
957 2379 1082 2432 Romana
1100 2381 1286 2445 corrigendum
1306 2390 1372 2434 esi.»
1392 2381 1483 2434 Doro.

138 2537 291 2600 moimarii
315 2534 361 2585 Cn.
382 2533 529 2585 Domitium
554 2535 585 2584 in
610 2535 670 2598 [cro
698 2535 793 2592 medio,
835 2535 940 2598 publica
959 2538 1153 2588 attrectantium
1173 2536 1283 2598 praebet
1302 2536 1358 2590 Val.
1372 2531 1443 2590 blsr'.
1457 2538 1485 2598 h.

138 2617 258 2665 mammo
276 2619 415 2664 concemu.
452 2614 520 2665 Teia
546 2615 611 2667 baec
637 2617 722 2666 oratio
749 2617 795 2667 de·
833 2616 865 2674 b.
884 2616 910 2665 o.
931 2616 987 2666 Cic·
1008 2616 1077 2667 sest.
1091 2617 1135 2667 56.
1148 2616 1211 2668 57.»
1231 2616 1356 2669 Ceterum
1374 2625 1402 2670 ιι
1414 2619 1487 2671 Wei-

139 2695 244 2758 perdita
264 2700 313 2746 esi.
340 2719 371 2733 -
400 2693 431 2745 Ρ.
452 2692 603 2768 Pqtiniam]
632 2695 679 2746 eir.
699 2696 728 2747 c.
747 2697 792 2747 ιι.
834 2695 909 2747 ibero
929 2701 955 2746 et
973 2696 1099 2759 liuperiia
1119 2697 1218 2757 ptaenit
1237 2700 1346 2758 pristina
1365 2711 1423 2750 mes
1447 2700 1486 2749 dt·

139 2774 193 2825 llic
210 2787 317 2838 quoqne
336 2773 518 2838 intelliguntur
538 2777 627 2836 potius
648 2779 794 2826 accusatio·
834 2774 951 2824 sinsilos
988 2776 1106 2838 plerique
1123 2781 1146 2826 ιι
1164 2777 1366 2827 histrionciibus
1384 2777 1487 2829 artibus

140 2867 189 2906 nea
207 2853 279 2906 (laist
298 2855 325 2904 in
344 2853 494 2914 Vatinium,
514 2866 593 2918 quarn
612 2853 747 2906 Ciceronis
768 2861 793 2904 tn
832 2857 978 2904 uterentur.
999 2879 1030 2892 -·
1059 2853 1132 2917 taces
1151 2853 1338 2919 admonebant]
1365 2857 1486 2910 'luitiaua

140 2933 259 2987 eundem
272 2933 499 2997 taterroaaito.-
513 2932 679 2998 remeantur]
701 2940 794 2987 caesit-
832 2935 885 2984 ism
912 2937 998 2996 imago
1024 2947 1072 2996 pro
1097 2937 1178 2998 msais
1205 2935 1281 2986 solita
1299 2936 1486 2999 stimulorum,

140 3021 281 3072 nortorps
309 3027 340 3066 ea
363 3019 502 3078 srqeaieae
521 3019 614 3082 aciatis
639 3029 698 3066 usu.
731 3015 791 3079 ιιι.
832 3013 990 3074 ιιιιιιιιιιιις
1011 3015 1125 3066 deorse.
1141 3015 1168 3072 ι,
1182 3015 1226 3075 ιι,
1241 3014 1310 3066 ιοὸι
1330 3028 1486 3080 aequipar-

139 3094 192 3144 ic:
212 3094 300 3144 adhue
317 3108 374 3144 ursa
390 3096 506 3146 uictoria
524 3093 609 3145 Carus
621 3095 720 3146 hirtius
737 3109 794 3146 een·
832 3094 871 3142 oie
888 3095 917 3143 ia
933 3095 1010 3144 rebus
1033 3093 1195 3145 adhibendos
1219 3101 1280 3144 sunt
1308 3095 1358 3144 hae
1382 3095 1488 3146 dicendi

138 3173 258 3225 ιιιιιιιιι.
278 3173 346 3224 Piia.
365 3173 432 3226 Pau.
452 3175 485 3224 ic
496 3209 504 3234 .
516 3175 552 3226 δι
574 3175 700 3238 Quisquis
711 3175 794 3238 passio
832 3171 902 3234 faces
915 3181 965 3224 eet.
986 3173 1017 3230 ιι.
1035 3173 1114 3230 ι.ιι
1134 3174 1175 3223 ιιι
1193 3187 1251 3224 eum
1268 3174 1368 3224 homini
1385 3199 1396 3211 ·
1413 3177 1487 3226 cehe·

138 3255 270 3304 uetustior
296 3253 385 3314 mdes,
413 3260 440 3304 is
466 3254 640 3305 commilitone
665 3261 792 3306 censetur.
832 3254 913 3302 menti
930 3283 946 3294 -
962 3254 1118 3317 -Phiiippo
1140 3255 1218 3316 quasi
1241 3253 1371 3319 quasdam
1398 3255 1487 3306 oeric·

139 3332 217 3385 Suet·
239 3331 425 3384 nummio:
455 3332 641 3386 Eratosthenes
656 3334 795 3396 multipiici
832 3346 892 3383 rum
909 3332 980 3396 [aces
997 3335 1153 3385 admonisset
1172 3341 1222 3384 cet·
1259 3334 1415 3394 Meteonem
1445 3349 1486 3386 re·

138 3415 270 3476 camoque
295 3413 421 3463 doctrino
445 3413 610 3464 censebatur.
648 3414 706 3465 llos
733 3427 793 3477 crgo
834 3415 916 3474 petiis
944 3413 1048 3466 ridetur
1071 3428 1085 3464 a
1110 3416 1247 3466 tormentis
1267 3414 1404 3464 hominurn
1424 3427 1486 3468 corr·

142 3493 228 3544 dieite
255 3491 459 3545 adeoraiornm
479 3493 793 3556 eloquentissimorum
833 3493 1022 3544 sceleratorum
1058 3501 1138 3556 etque
1177 3497 1305 3556 imprimis
1337 3507 1484 3549 serrorum.

138 3573 262 3624 bcurtnes
281 3572 401 3624 iudicant
419 3575 499 3636 megia
520 3586 552 3625 ea
570 3573 721 3626 huiusmodi
736 3586 794 3624 ara·
832 3574 971 3625 Lucretius
989 3575 1023 3634 3,
1043 3575 1131 3626 ιθιιι
1169 3575 1298 3637 Verbera,
1328 3577 1484 3642 carnuficem

138 3651 258 3704 tionibus
286 3653 319 3705 de
344 3652 423 3704 rebus
447 3652 560 3704 turbidis
583 3667 614 3704 sc
633 3653 793 3706 iecinoribus
832 3654 923 3713 sohar,
941 3656 1019 3716 pia,
1039 3654 1157 3710 turnino,
1177 3655 1285 3715 taedam
1305 3667 1392 3719 seque
1410 3671 1486 3710 usur-

139 3744 221 3797 qaam
246 3745 277 3784 es
304 3729 453 3793 placidioris
471 3735 575 3795 seueris
594 3733 792 3785 defensionibus
833 3741 911 3794 pstur
933 3733 967 3784 de
987 3737 1103 3796 eorporis
1123 3733 1270 3786 doloribus.
1302 3734 1357 3788 Cic.
1379 3737 1411 3788 de
1431 3737 1483 3790 on.

137 3813 181 3866 rel
201 3825 232 3864 er
251 3815 336 3863 esurie
354 3813 476 3864 ctriitbus
494 3813 528 3863 ab
549 3811 598 3862 titis
618 3817 762 3866 irretetis.»
833 3813 865 3872 2.
880 3815 929 3874 so,
944 3812 993 3864 37:
1014 3813 1133 3866 dotorum
1150 3827 1210 3864 eum
1221 3815 1393 3866 admouentur
1404 3819 1483 3880 pacm.

173 3891 220 3946 ιι).
244 3892 341 3956 popuii
359 3905 459 3958 quoque
476 3897 501 3944 ei
516 3891 656 3943 histriones
674 3889 792 3956 auribus]
832 3893 911 3943 Tusc.
931 3891 963 3952 5,
976 3894 1026 3951 ιι,
1039 3893 1089 3944 ἰιι
1121 3893 1198 3944 dator
1215 3893 1338 3945 ardentes
1354 3896 1426 3959 {aces
1443 3897 1484 3948 in·

140 3971 210 4026 (lum
229 3975 391 4024 constructio
408 3971 480 4023 nulio
500 3971 578 4022 modo
604 3973 654 4026 sibi
679 3977 792 4031 constet.
831 3979 924 4024 teniat.
940 3997 970 4010 -
985 3975 1017 4024 de
1027 3975 1114 4028 otioso
1126 3997 1136 4009 ·
1149 3972 1187 4040 re]
1202 3971 1282 4038 (Sane
1292 3976 1326 4025 de
1337 3989 1365 4027 re
1380 3976 1483 4038 pubiies

139 4051 236 4104 ιιιιιιιι
254 4051 323 4103 bane
341 4049 426 4102 Ccdd.
446 4052 588 4105 irationem
607 4053 793 4124 explicassem
831 4053 998 4116 eostiaadnm
1026 4056 1074 4107 atsi
1105 4056 1191 4124 potius
1219 4057 1254 4106 tia
1291 4053 1484 4119 scribendum.)

139 4139 218 4185 astus
241 4137 281 4185 est
297 4131 537 4196 Νιιιιιιιιιιιιιιι,
570 4134 645 4185 cuins
664 4136 791 4184 rationem
831 4133 956 4184 sPtartmt
981 4133 1154 4198 eicquanticm
1181 4147 1228 4197 per
1246 4133 1316 4185 itiam
1334 4147 1389 4185 rem
1408 4139 1485 4190 iniat·

138 4213 239 4268 rideris
256 4211 327 4275 apud
339 4213 573 4274 chacennaium,
593 4218 635 4264 cut
654 4217 710 4276 tpae
729 4216 792 4264 aurt-
830 4214 932 4273 terere,
954 4213 1024 4266 unde
1037 4214 1135 4265 iscium
1148 4222 1204 4272 esi.
1219 4221 1264 4266 uia
1278 4213 1350 4276 (inde
1364 4213 1397 4264 ab
1413 4217 1484 4269 ileu·

140 4308 188 4346 eus
206 4293 278 4346 baud
290 4305 354 4345 sane
368 4295 499 4355 percussit
518 4295 605 4346 iocum
618 4293 792 4364 deprecatum
830 4295 937 4355 manant
957 4294 1111 4355 «abruptior
1136 4298 1167 4344 ite
1189 4294 1324 4346 rideretur
1348 4297 1432 4345 oratio
1457 4304 1485 4348 et

140 4388 195 4429 non
213 4387 281 4427 esse.
300 4373 379 4428 itatis
397 4388 459 4426 sero
479 4377 692 4427 coniecturarum
704 4375 792 4426 adbuc
830 4373 960 4437 quseosm
979 4373 1106 4424 excidisse
1126 4379 1291 4436 poterentur.
1312 4372 1407 4426 Subito
1419 4388 1483 4427 sene

141 4458 337 4520 propositarum
355 4453 497 4516 prebebitis
515 4462 575 4516 est.
595 4457 644 4506 etsi
659 4455 793 4507 lleumsn·
831 4465 845 4504 a
864 4451 988 4504 laudibus
1007 4455 1103 4504 scieris
1122 4453 1293 4516 eloquentiae
1313 4453 1346 4503 ad
1363 4455 1483 4506 eiusdem

142 4541 220 4588 ntasm
239 4538 287 4597 iis,
305 4537 352 4599 qui
371 4537 397 4586 ia
417 4538 576 4588 recentiores
602 4535 703 4600 linquae
722 4539 793 4585 hunc
831 4533 899 4584 maia
918 4534 1059 4590 transitur,
1086 4531 1133 4582 scd
1159 4533 1270 4584 arttiioto
1289 4533 1406 4596 quodam
1426 4535 1485 4584 rbe-

142 4617 263 4668 itheitaas
288 4621 463 4673 conserturi,
499 4617 538 4666 ιιι
563 4617 626 4666 satis
655 4615 792 4665 commoda
832 4615 934 4672 terico,
964 4616 1098 4674 tamqnam
1125 4611 1213 4664 sdbne
1236 4625 1294 4662 cum
1315 4613 1483 4664 simulatione

140 4696 257 4750 ridetur.
276 4693 353 4746 iride
371 4693 546 4746 Baracuiiurn
565 4695 679 4746 edidisse
698 4694 793 4757 popuii
831 4692 920 4755 atiqus
946 4699 1034 4744 setara
1060 4691 1206 4743 laudaverit
1233 4704 1264 4744 sc
1283 4705 1354 4744 nunc
1372 4699 1483 4754 repente

142 4779 222 4828 ιιιιιιι
240 4775 379 4826 hiemares
395 4774 521 4836 auribus,
541 4776 671 4827 cumulate
689 4774 794 4826 bauau-
832 4774 902 4822 serio
927 4771 1000 4824 ruliu
1025 4784 1056 4822 ac
1079 4783 1201 4824 sermone
1226 4775 1349 4824 setnstsit
1368 4775 1483 4835 spectem

142 4855 230 4906 orrum
247 4853 342 4918 popuii
359 4855 439 4906 etiam
456 4854 593 4906 histriones
607 4853 793 4906 arraeiicrs'das
832 4851 990 4904 insidendse
1009 4855 1132 4908 virtutis.
1160 4864 1240 4914 qnsm
1258 4854 1314 4912 ipse
1333 4851 1482 4916 addiderat,

142 4935 262 4986 curdus.
299 4934 388 4998 hique
417 4933 558 4984 histriones
583 4936 624 4986 sir
649 4935 791 4994 eiiciendir
831 4932 900 4983 uitro
927 4931 1073 4982 detrahamur
1103 4930 1193 4982 linaro.
1232 4930 1338 4984 Scilicet
1366 4946 1397 4987 ea
1422 4948 1483 4987 sera

141 5017 206 5067 scits
226 5015 296 5065 euim
313 5013 555 5078 liseqeisbacbiuss
588 5014 730 5079 aitrempta
755 5015 794 5064 bt·
831 5013 911 5063 animi
940 5015 1070 5064 sententia
1099 5012 1219 5074 loquitur
1234 5011 1370 5064 insternar
1396 5027 1482 5078 usqne

143 5099 273 5149 sutorum
299 5097 328 5147 tn
351 5094 455 5146 ιιιιιιιο
482 5095 625 5146 certamus
653 5101 681 5146 et
706 5095 794 5148 studia
831 5092 865 5146 ad
883 5104 924 5148 ιι.
944 5091 1174 5157 qaasoratorthna
1192 5090 1481 5159 frondicomam,
