3698 5886
587 458 706 546 cuna
725 457 752 524 1.
797 458 871 546 cip.
894 459 947 526 rs.
971 461 1022 528 rs.
1042 461 1096 526 so.
1462 463 1505 530 aa

166 618 298 706 nuntiis,
331 623 366 686 et
385 615 615 692 iaeiliciritate
642 620 684 688 ad
709 617 890 707 accipienda
916 617 1135 708 credendaque
1164 617 1270 693 omnia
1297 640 1399 700 nora,
1431 639 1504 688 curn

168 731 269 800 tristia
281 738 376 810 aunt,
392 737 580 800 censuerant
591 739 695 821 patres
709 734 878 800 mittendos
891 736 932 801 ad
948 733 1169 805 Germanicum
1184 734 1357 804 exercitum
1370 733 1504 820 legatos.

167 851 318 934 agitatm
338 853 463 914 secreto
484 866 560 914 num
581 853 613 914 et
632 846 704 914 Piso
727 844 995 934 proficisceretur,
1025 848 1147 914 maiore
1167 853 1349 936 praetextu,
1380 845 1427 916 iili
1448 868 1504 918 an·

166 963 342 1028 ctoritatem
363 966 505 1037 senatus,
526 961 579 1028 bic
599 957 812 1046 dignationem
832 960 974 1030 caesnia
988 961 1122 1028 laturus.
1145 961 1289 1048 placebat
1301 967 1333 1030 et
1345 963 1503 1030 Laconem

166 1075 316 1166 praetorii
342 1071 538 1158 praesectum
565 1072 659 1142 simul
686 1073 785 1142 mitti:
817 1073 1000 1164 incessitis
1027 1075 1215 1160 intercessit,
1253 1073 1348 1161 legati
1376 1094 1527 1162 quoquae

167 1186 249 1278 (nrm
272 1195 399 1256 senatus
421 1187 612 1256 electionem
635 1184 754 1256 Galbae
776 1184 974 1273 permiserat)
996 1185 1092 1256 ioeda
1111 1187 1320 1257 inconstantia
1341 1188 1504 1268 nominati,

169 1303 323 1380 uersati,
347 1300 524 1379 substituti,
547 1299 667 1368 ambitu
688 1299 874 1368 remanendi
895 1310 949 1369 aut
970 1299 1079 1380 eunii,
1101 1307 1307 1388 utquomque
1328 1309 1431 1370 metus
1452 1303 1505 1370 rel

168 1433 239 1500 spes
260 1412 430 1502 inpulerat.
476 1411 536 1500 (20)
560 1412 704 1500 proxima
716 1416 873 1498 pecuniae
887 1435 980 1493 cura;
1004 1421 1036 1482 et
1049 1421 1161 1490 cuncta
1175 1414 1387 1482 scrutantibus
1401 1415 1506 1482 iustis·

168 1527 282 1597 simum
305 1529 409 1612 risum
430 1535 478 1595 est
497 1527 571 1595 inde
593 1529 693 1614 repeti
715 1525 771 1596 ubi
793 1529 920 1613 inopiae
943 1549 1036 1594 causa
1057 1534 1137 1596 erat.
1161 1525 1210 1594 bia
1232 1536 1265 1596 et
1285 1527 1382 1596 vicies
1403 1528 1505 1596 milies

169 1643 348 1710 sestertium
371 1638 592 1708 donationibus
615 1644 699 1708 Nero
721 1643 886 1710 etiuderat.
909 1640 1061 1728 appellari
1082 1641 1223 1727 singulos
1242 1641 1351 1720 iussit,
1375 1644 1506 1712 decuma
1514 1665 1542 1707 ao
1554 1659 1585 1739 γ’

169 1761 256 1842 parte
277 1751 474 1822 liberalitatis
494 1752 579 1842 apud
600 1774 757 1842 quemque
776 1773 888 1822 eornm
901 1754 1022 1824 relicta.
1047 1761 1079 1820 at
1092 1752 1154 1822 iilis
1171 1755 1228 1823 vix
1242 1759 1394 1822 decumae
1408 1775 1506 1841 snper
1551 1765 1559 1798 ²

170 1866 330 1955 portiones
359 1874 467 1950 erant,
501 1865 602 1936 isdem
630 1886 706 1953 erga
735 1867 837 1934 ebena
865 1867 1041 1955 sumptibus
1062 1865 1177 1954 quibus
1197 1890 1257 1938 suaa
1277 1871 1505 1957 prodegerant,
1540 1861 1564 1940 t

170 2001 239 2050 cnm
267 1981 473 2068 rapacissimo
503 1982 618 2068 cuique
643 2002 681 2048 ac
710 1979 924 2066 perditissimo
954 2003 1019 2049 non
1047 1981 1118 2068 agri
1145 1988 1198 2050 ant
1217 1980 1328 2062 senus,
1362 1985 1418 2050 sed
1439 1983 1507 2054 sola

169 2095 374 2166 instromenta
403 2093 551 2162 vitiorum
578 2101 753 2162 manerent.
790 2093 949 2162 exacboui
969 2095 1097 2180 triginta
1115 2095 1238 2184 equites
1258 2097 1392 2164 Romani
1413 2117 1507 2182 prae·

170 2207 279 2296 positi,
300 2228 420 2276 norum
440 2205 536 2274 officii
557 2229 657 2293 genus
679 2214 712 2274 et
732 2205 852 2276 ambitu
872 2228 909 2274 ac
930 2228 1064 2279 numero
1079 2228 1258 2280 onerosum.
1280 2209 1401 2298 ubique
1417 2212 1544 2280 bastart

171 2329 202 2390 et
221 2327 344 2404 sector,
378 2329 412 2388 et
431 2319 572 2407 inquieta
591 2322 669 2388 urbs
689 2319 873 2388 actionibus.
909 2341 946 2388 ac
967 2328 1072 2389 tamen
1092 2323 1212 2406 grande
1233 2321 1399 2409 gaudium.
1421 2329 1506 2412 qnod

171 2441 232 2507 tam
252 2454 409 2524 pauperes
429 2433 536 2511 forent
556 2437 671 2524 quibus
691 2432 840 2504 donasset
860 2437 943 2502 Nero
963 2454 1058 2522 quam
1072 2436 1187 2522 quibus
1200 2432 1389 2506 metuunt.
1408 2457 1508 2536 eram

237 2665 265 2718 3.
284 2664 373 2719 Habet
397 2666 499 2717 motura
524 2664 615 2728 Lipato
644 2669 796 2729 suspectum
814 2663 852 2717 Μ.
884 2689 913 2704 -
944 2665 990 2718 tite
1005 2664 1045 2719 Μ.
1082 2665 1258 2720 Emendatum
1283 2669 1310 2721 in
1334 2666 1423 2724 tincti.
1448 2673 1475 2724 et
1491 2685 1508 2724 a

171 2736 324 2790 Puteolano.
345 2760 375 2774 -
395 2735 422 2788 5.
441 2735 482 2785 uu
500 2735 538 2786 Μ.
557 2763 587 2775 -
608 2735 635 2787 6.
655 2735 733 2798 [cedo
749 2735 788 2788 Μ.
809 2759 840 2773 -
859 2735 887 2786 ’1.
904 2738 1039 2788 ercurorta
1055 2736 1094 2788 Μ.
1114 2761 1147 2775 -
1166 2752 1283 2803 qumque
1294 2738 1333 2791 Μ.
1354 2763 1386 2778 -
1404 2739 1432 2792 8.
1450 2743 1508 2806 trip.

170 2809 216 2861 ri:
234 2809 300 2873 inp.
319 2807 351 2859 li.
374 2829 403 2842 -
422 2806 449 2856 9.
470 2807 558 2859 tiabat
573 2807 620 2858 ubi
635 2809 681 2868 Μ,
699 2818 752 2858 non
769 2805 839 2858 uude
855 2805 920 2870 aar.
939 2807 1019 2861 corb.
1039 2807 1109 2871 Sptr.
1129 2809 1201 2871 Ltps.
1222 2809 1370 2862 Ernesttna·
1388 2833 1420 2850 -
1439 2812 1510 2864 utre

170 2879 207 2931 ri.
227 2879 347 2931 Correxit
364 2876 481 2940 Lipsius.
500 2903 535 2913 -
555 2878 598 2930 11.
618 2890 737 2942 pueupue
755 2877 794 2929 Μ.
813 2900 842 2915 -
868 2878 910 2927 titt
927 2877 965 2931 Μ.
987 2877 1139 2930 Corractum
1158 2877 1195 2944 (tn
1217 2879 1305 2933 Gueti·
1325 2878 1360 2944 et)
1379 2893 1394 2931 a
1412 2880 1510 2935 Puteo-

171 2949 240 3002 iano.
268 2973 301 2986 -
328 2947 373 3000 1³.
393 2946 489 3011 {nauus
505 2947 544 3000 Μ.
572 2974 599 2986 -
635 2947 677 3000 rt.
699 2949 846 3000 acoettoutr
863 2946 902 2999 Μ.
929 2972 961 2986 -
992 2948 1036 3000 ic.
1056 2951 1204 3003 actioutbua
1221 2949 1264 3003 id:
1294 2951 1460 3004 curreretur
1488 2953 1509 3004 B

173 3033 229 3072 cunr
247 3033 301 3085 mg.
320 3018 398 3070 liudi.
420 3026 447 3070 at
464 3020 563 3081 lipsio.
602 3017 671 3070 ltiud
690 3022 828 3071 restituere
846 3018 917 3069 bach
937 3025 963 3072 et
980 3019 1119 3074 Duebner.
1147 3045 1181 3059 -
1201 3021 1337 3075 liabetur
1356 3028 1445 3076 romeu
1463 3021 1508 3087 Μ,

172 3105 221 3144 non
239 3097 361 3144 aremare
377 3089 448 3142 lidd.
466 3097 528 3142 ante
545 3089 707 3145 Bestiarum.
727 3113 760 3126 -
779 3089 823 3142 17.
844 3088 984 3142 doumrrut
997 3089 1035 3142 Μ.

171 3307 260 3355 rentur
288 3312 304 3353 a
336 3299 486 3367 legatione.
525 3300 570 3353 aitt
604 3301 643 3355 ira
678 3303 819 3366 cupiunt.»
858 3301 943 3352 ebena
961 3299 1060 3366 Virgilii
1081 3299 1145 3353 titud
1164 3307 1300 3365 comparat
1317 3299 1508 3366 demmin

171 3384 239 3436 itare.
858 3384 966 3446 iamque
984 3381 1051 3435 odeo
1063 3393 1140 3446 super
1151 3395 1221 3434 uuus
1233 3395 1316 3433 uum.
1338 3383 1407 3436 liar.
1427 3385 1511 3438 sra-

859 3465 912 3514 cito
939 3465 996 3525 ipso
1025 3468 1160 3526 comparat
1185 3461 1301 3515 Baebius
1327 3464 1361 3514 Α.
1381 3463 1429 3519 13.
1455 3465 1508 3516 cor

202 3543 247 3598 20.
265 3535 321 3606 aba]
335 3541 404 3592 unda
413 3553 485 3594 ruera
498 3547 538 3594 ert
550 3540 718 3605 interpolatio
730 3555 819 3606 nequa
858 3543 918 3594 cort
946 3544 1025 3594 ertum
1045 3542 1140 3605 popuii
1167 3541 1282 3594 iiomuut
1308 3549 1364 3594 rum
1388 3543 1512 3596 tibarrure

170 3639 231 3678 raro
250 3631 330 3687 apter
352 3633 424 3682 nam,
443 3629 473 3673 ut
491 3625 529 3675 ait
543 3622 674 3686 Watrbar‚
697 3625 820 3688 atnoptae
859 3635 906 3687 pro
925 3623 1069 3675 etiamtum.
1089 3621 1160 3674 Diri.
1179 3621 1229 3674 ea=
1254 3634 1336 3688 nepus
1362 3623 1432 3674 euim
1448 3624 1511 3674 dum

170 3717 247 3756 cansa
265 3715 320 3754 non
338 3708 395 3755 erat
413 3715 427 3754 a
446 3702 650 3766 donationibus,
684 3716 773 3756 rerum
793 3706 819 3754 in
857 3709 917 3756 crte
941 3703 1098 3754 arctantia
1122 3714 1169 3764 pre
1194 3702 1314 3754 nemum.
1333 3723 1369 3742 -
1383 3703 1511 3768 medeae·

170 3782 377 3838 donattoutbus:
406 3795 422 3834 a
445 3782 633 3836 donationibus
651 3789 708 3835 erat
730 3785 820 3848 inopia
856 3778 933 3846 root]
946 3781 1017 3834 Piut.
1032 3781 1050 3832 t.
1065 3782 1100 3834 i.:
1120 3778 1311 3849 ἀνηλώκεσαν
1322 3778 1381 3855 yoip
1392 3782 1424 3834 ot
1434 3782 1510 3836 artat·

169 3873 305 3928 umquam
324 3863 462 3916 effectur.»
481 3888 515 3898 -
533 3863 572 3914 bis
590 3867 615 3914 et
630 3865 709 3915 oeus
725 3861 819 3928 mittas]
858 3877 926 3915 uror
949 3860 1007 3915 τῶν
1024 3857 1194 3928 λαβόντων,
1220 3855 1369 3934 ἐφήμεροι
1386 3861 1438 3914 καὶ
1455 3878 1512 3916 σα-

169 3942 531 4007 aasaaouocrunucrit,
541 3942 819 4005 2dtt‚ttitt,ttttttr'ranc.
859 3941 972 4012 rupruot
991 3945 1053 4005 τοῖς
1069 3939 1149 4005 βίοις
1161 3931 1325 4011 ἅνθρωποι.
1338 3964 1370 3980 -
1387 3939 1510 4008 trtpr'utu]

170 4027 245 4080 idcir.
273 4025 327 4078 liar
356 4028 444 4076 autern
472 4025 498 4076 in
526 4023 578 4075 boe
604 4027 691 4086 capita
715 4031 820 4076 narrata
859 4021 934 4072 Suet.
965 4018 997 4070 (i.
1018 4020 1061 4071 15.
1084 4019 1165 4072 babet
1192 4019 1405 4086 qutuquoptutnr
1429 4033 1511 4086 quam

173 4109 250 4160 mutto
269 4108 345 4172 priua
363 4107 471 4167 incepta
488 4110 560 4166 erat;
581 4108 678 4157 atenim
698 4118 822 4170 perqua-
859 4101 1038 4153 dtrarsitatem
1058 4097 1232 4152 casaubonus
1250 4101 1287 4152 tta
1308 4103 1458 4162 componit,
1481 4107 1512 4154 ur

175 4189 285 4242 tridnnnr
305 4186 372 4240 titud
390 4185 458 4238 bana
476 4188 638 4238 exactionem
652 4187 821 4249 arruqnine·
859 4182 892 4233 ob
912 4181 1095 4234 difficultatem
1114 4181 1212 4244 negotii
1241 4181 1347 4242 triginta
1375 4181 1510 4244 prioribus

176 4279 302 4334 anaqam
322 4271 446 4330 poterant
464 4267 567 4330 triginta
586 4265 625 4317 titt
645 4269 768 4329 equites:
795 4270 822 4318 at
858 4263 949 4325 rigtntt
967 4260 1071 4312 additos
1087 4261 1245 4321 auspicatur.
1265 4258 1388 4311 Wscrn.
1405 4284 1434 4297 -
1455 4273 1511 4311 uua·

174 4347 222 4400 bro
237 4348 282 4410 bd,
303 4347 349 4400 11.
369 4345 439 4398 eiare
457 4351 568 4398 testatur
593 4346 663 4398 dona
690 4345 821 4398 eiusmodi
859 4339 925 4406 bttu]
945 4343 1071 4402 muneris,
1091 4345 1222 4402 potestate
1241 4344 1294 4390 tam
1314 4338 1365 4390 iate
1384 4345 1509 4402 patente,

173 4428 230 4484 inde
255 4442 270 4482 e
299 4427 411 4480 Graecia
438 4428 550 4488 rapattra
575 4439 649 4480 asses
679 4421 696 4480 ὁ
720 4425 822 4497 Νέρων
860 4423 922 4486 outa
949 4428 991 4472 ror
1015 4420 1048 4473 ab
1079 4419 1242 4479 bominibus,
1272 4418 1371 4482 quibua
1399 4418 1511 4472 donarat

170 4509 218 4560 uni
240 4505 279 4580 τῇ
306 4504 408 4575 Πυθίᾳ
431 4503 503 4558 otro
527 4502 672 4578 μυριάδας
694 4499 821 4564 ἔδωκεν,
858 4503 939 4562 Nero,
954 4499 1432 4566 peenntaatstaarapatendaaerant.
1449 4496 1511 4550 Am·

170 4583 216 4642 o'rr
231 4583 299 4640 ruunt
316 4580 394 4636 κατὰ
410 4581 533 4654 γνώμην
544 4580 640 4638 αὐτοῦ
657 4584 821 4642 &toracem
859 4583 928 4634 bitur
947 4580 973 4632 b.
994 4581 1011 4632 Ι.
1033 4585 1152 4632 nostrum
1177 4586 1218 4632 art
1237 4577 1357 4644 Umsuup.
1379 4601 1410 4616 -
1429 4581 1511 4629 uerio-

170 4663 204 4732 ἂς
219 4661 237 4720 ὁ
254 4660 376 4730 Γάλβας
393 4659 567 4730 ἐκομίσατο.
586 4664 638 4716 iiic
654 4678 716 4716 rero
733 4676 823 4716 narra·
857 4657 946 4726 udus]
966 4673 1025 4713 eum
1045 4660 1166 4725 parmntti
1185 4662 1312 4724 negarant
1328 4669 1387 4710 sara
1400 4669 1416 4710 a
1427 4658 1510 4712 Nero·

172 4746 282 4800 tartdao
294 4745 472 4808 patruinum,
488 4745 552 4807 quia
564 4743 823 4806 baeipsaaaractio·
859 4756 893 4794 ne
912 4748 1009 4793 tantam
1028 4753 1157 4794 summam
1176 4740 1327 4801 accepisse,
1352 4745 1451 4802 quanta
1474 4739 1509 4792 ab

172 4840 214 4880 nes
225 4829 451 4884 insenuerant,
471 4836 519 4875 cur
537 4829 576 4874 tot
594 4826 664 4876 cirea
682 4831 822 4886 propterea
859 4824 923 4885 ipsis
941 4822 1119 4888 repetebatur.
1138 4818 1200 4872 inde
1218 4820 1382 4882 cognitiones
1400 4821 1508 4874 institu-

171 4908 326 4970 irritatque
352 4904 447 4955 irritati
472 4917 504 4956 ao
529 4907 676 4967 promptior
700 4917 715 4956 a
739 4902 821 4956 Gatba
859 4902 944 4955 andra
962 4909 1037 4954 erant
1054 4914 1069 4952 a
1089 4900 1195 4964 criptura
1220 4895 1271 4949 titis
1295 4898 1451 4961 equitibus.
1477 4907 1508 4952 ur

170 4993 195 5038 at
210 4987 307 5040 Pisone
328 4983 518 5038 desciscerent.
546 4983 670 5036 Ceterum
687 4982 819 5036 ctr.1²tut.
859 4983 968 5045 opinor,
997 4982 1083 5043 potins
1113 4988 1192 5041 quam
1217 4982 1374 5040 apraatore
1393 4979 1506 5034 urbano.

171 5063 200 5119 ti.
224 5067 268 5120 se.
296 5065 377 5120 Suet·
404 5061 436 5116 G.
461 5065 504 5116 15.
525 5089 554 5104 -
581 5077 660 5129 super
684 5064 820 5128 portiones
857 5060 958 5114 sputu
974 5056 1216 5114 rerttrbouandre.
1236 5056 1347 5122 Quodsi
1368 5059 1436 5127 iaaac
1459 5073 1506 5114 nu·

168 5143 252 5217 usur]
271 5160 323 5214 per
340 5145 438 5218 tmartn
450 5157 498 5210 pro
509 5147 671 5208 mpererout.
692 5143 764 5197 itane
775 5143 821 5197 Pt-
857 5139 1002 5203 attonitus,
1021 5139 1092 5194 idem
1104 5135 1222 5206 protecto
1240 5137 1281 5194 bia
1293 5139 1412 5206 ᾱωινοι,
1430 5151 1506 5206 prae·
