3576 5880
308 425 369 520 1e'e
658 451 1298 520 coerenumcrmersromamm

305 630 458 701 prospere
485 619 681 698 agnosceret.
725 611 860 682 Plotium
892 612 1048 696 Griphum
1076 631 1178 700 unpar
1206 611 1439 694 avespssiano
1466 611 1502 674 in
1522 616 1652 676 sanato-

305 725 385 792 rium
409 723 551 792 ordinem
571 723 714 792 additum
736 745 772 790 ao
793 725 911 810 legioni
931 725 1161 814 praepositum,
1183 731 1370 810 ceterosque
1384 723 1446 789 sibi
1461 721 1542 789 lidos
1556 742 1652 810 aporu-

305 838 367 906 tius
390 839 523 905 monuit.
546 837 643 927 hique
663 857 771 910 omnes
785 840 825 904 de
840 839 1039 906 testinatione
1053 838 1151 906 Primi
1165 859 1201 905 ao
1216 835 1292 905 Vari
1315 836 1440 902 sinistre
1454 844 1487 903 et
1500 835 1650 902 liaciano

306 953 444 1019 volentia
465 953 668 1036 rescripsere.
704 949 818 1040 quibus
840 950 979 1040 epistolis
1001 951 1192 1040 Vespasiano
1214 951 1317 1019 missia
1338 949 1498 1026 affecerat,
1527 958 1651 1016 utnon

282 1079 365 1151 tpro
386 1085 443 1149 spa
464 1065 592 1131 Antonii
614 1064 744 1132 consilia
764 1066 908 1152 iramque
936 1067 1004 1132 einr
1032 1067 1280 1132 aestimarentur.
1327 1059 1392 1148 (aa)
1413 1081 1507 1148 aegre
1528 1061 1562 1127 id
1581 1060 1651 1148 pati

305 1179 474 1258 Antonium,
508 1189 540 1246 et
560 1177 682 1265 culpam
704 1179 737 1244 in
758 1181 937 1244 Mucianum
966 1176 1131 1254 conferre,
1165 1177 1255 1244 cuius
1281 1175 1553 1242 criminationibus
1581 1174 1651 1240 evi-

305 1289 436 1360 luissent
456 1291 594 1376 pericula
615 1311 683 1360 sua.
718 1313 778 1357 nec
806 1291 1004 1358 sermonibus
1034 1288 1247 1375 temperabat,
1282 1286 1459 1355 inmodicus
1487 1287 1594 1372 dogna
1615 1294 1651 1352 et

306 1403 451 1491 obsequii
473 1403 620 1472 insolens.
657 1405 779 1470 litteras
801 1407 839 1470 ad
863 1405 1088 1488 Vespasianum
1110 1404 1284 1491 composuit
1303 1402 1468 1468 deuncos
1490 1398 1650 1488 quemad

305 1517 498 1603 principem,
533 1538 592 1582 nec
620 1518 689 1583 sine
717 1520 838 1584 occulta
864 1516 898 1584 in
929 1519 1107 1584 Mucianum
1138 1517 1359 1582 insectatione:
1398 1537 1433 1581 se
1453 1515 1650 1580 Pannonicas

267 1651 296 1694 eo
306 1631 445 1713 legiones
467 1629 500 1695 in
521 1651 609 1696 arma
629 1629 752 1714 eqisae;
790 1629 854 1695 suis
885 1628 1018 1696 stimulis
1045 1631 1166 1696 excitos
1187 1627 1327 1696 Moesiae
1348 1626 1461 1706 duces,
1495 1647 1551 1693 ena
1573 1646 1652 1693 con·

306 1743 419 1809 stantia
440 1752 606 1829 perruptas
626 1743 739 1830 Alpes,
761 1751 945 1830 occupatam
968 1741 1108 1817 ltaliam,
1130 1744 1301 1827 intersepta
1327 1743 1555 1808 Germanorum
1568 1746 1652 1808 liae·

306 1867 473 1943 torumque
499 1855 625 1924 auxilie.
661 1857 747 1942 qued
777 1857 937 1922 discordes
967 1854 1185 1942 dispersasque
1206 1855 1324 1938 vitellii
1346 1853 1487 1938 legiones
1509 1855 1651 1940 equestri

306 1968 465 2053 procella,
489 1990 564 2036 mox
584 1972 725 2057 peditum
740 1971 771 2034 ui
785 1989 844 2056 per
865 1971 949 2034 dem
970 1977 1159 2054 noctemque
1180 1965 1330 2044 fudisset,
1352 1969 1385 2033 id
1399 1965 1651 2053 pulcherrimum

308 2089 341 2147 et
360 2083 410 2148 soi
431 2081 549 2167 operis.
588 2102 694 2148 casum
717 2082 889 2149 Cremonae
911 2078 995 2148 bello
1016 2083 1241 2167 inputandam:
1273 2081 1394 2146 maiore
1414 2078 1547 2157 damno,
1578 2079 1653 2166 plu·

270 2195 388 2262 serium
411 2193 536 2262 urbium
560 2193 690 2260 excidiis
712 2202 836 2262 veteres
858 2193 973 2261 civium
995 2192 1167 2260 discordias
1189 2191 1401 2280 reipublicae
1423 2195 1556 2259 stetisse.
1582 2213 1653 2258 nors

307 2327 341 2374 se
370 2307 488 2374 nuntiis
516 2327 617 2394 neque
647 2307 805 2393 epistolis,
841 2305 896 2372 sed
925 2327 1020 2372 manu
1042 2312 1076 2372 et
1097 2307 1193 2372 armis
1213 2305 1397 2392 imperatori
1418 2327 1476 2372 suo
1499 2304 1649 2372 militare.

306 2441 410 2506 neque
431 2418 560 2488 officere
583 2410 712 2505 gloriae‘
725 2439 835 2486 eorum
858 2421 912 2504 qui
933 2420 1038 2486 daiam
1059 2418 1186 2484 interim
1208 2417 1454 2506 composuerint.
1477 2417 1542 2484 illia
1559 2419 1653 2484 Moe·

306 2534 372 2600 siae
394 2552 524 2618 pacem,
547 2531 610 2598 eibi
630 2534 762 2600 salutem
784 2533 1051 2618 securitatemque
1072 2531 1179 2598 ltaliae
1199 2531 1288 2598 cordi
1309 2530 1425 2611 iciam
1448 2531 1513 2598 suis
1532 2533 1654 2597 exhon-

306 2647 475 2712 tationibus
498 2643 612 2711 Gallim
630 2644 876 2732 Hispaniasque,
898 2642 1119 2711 validissimam
1142 2654 1296 2711 terrarum
1317 2652 1461 2730 partem,·
1477 2647 1517 2709 ad
1531 2645 1654 2730 Vespa-

268 2758 428 2826 sosienum
451 2778 628 2825 conversas.
658 2756 713 2824 sed
734 2756 883 2824 cecidisse
905 2759 939 2822 in
961 2756 1090 2823 inritum
1111 2753 1253 2834 labores,
1277 2759 1304 2822 si
1326 2755 1466 2843 praemia
1485 2759 1647 2844 periculo·

307 2891 376 2940 rum
406 2870 467 2938 soli
494 2875 707 2959 adsequantur
734 2869 789 2958 qui
818 2868 965 2954 periculis
986 2889 1051 2935 non
1072 2867 1239 2936 adfuerint.
1273 2891 1333 2935 nec
1356 2867 1498 2936 fefellere
1519 2889 1556 2934 ea
1577 2871 1653 2936 ilu-

307 2987 449 3054 ciannm:
484 2982 558 3053 iude
590 3003 701 3069 pravas
737 2980 926 3058 simultates,
961 3003 1039 3068 quae
1077 2981 1230 3048 Antonius
1261 2981 1449 3067 simplicius,
1485 2983 1652 3049 Mucianus

306 3097 416 3166 callide
438 3117 540 3185 coque
560 3094 777 3183 inplacabilius
798 3092 949 3161 nutribat.

391 3209 456 3296 (dl)
485 3215 524 3276 At
545 3207 687 3278 Vitellius
707 3207 813 3272 fractis
839 3203 923 3292 apud
945 3205 1130 3272 Cremonam
1151 3207 1248 3274 rebus
1268 3207 1394 3274 nuntios
1416 3205 1512 3276 cladis
1533 3208 1641 3275 occul·

270 3331 389 3402 retam,
409 3322 503 3391 stulta
517 3320 762 3389 dissimulatione
782 3319 921 3386 remedia
942 3317 1047 3406 potins
1068 3319 1224 3388 malorum
1245 3341 1340 3408 quam
1361 3321 1443 3390 mala
1456 3319 1634 3388 differebat.

377 3531 404 3584 3.
424 3534 503 3596 lique
518 3531 563 3583 ii:
583 3531 654 3597 tique
672 3529 704 3582 B.
727 3557 754 3568 -
775 3529 803 3582 d.
824 3529 1091 3593 precantium.
1111 3555 1144 3568 -
1170 3531 1197 3583 e.
1218 3531 1306 3584 liahst
1321 3533 1491 3588 educaret,
1517 3546 1589 3592 aen,
1613 3540 1646 3585 ut

309 3610 415 3656 esmant
434 3605 548 3668 nyctim
566 3603 663 3654 salse.
684 3601 850 3660 Gronovius.
879 3602 1042 3660 scitopolim,
1061 3603 1100 3653 li.
1130 3625 1163 3636 -
1195 3603 1222 3651 7.
1248 3606 1312 3654 tora
1332 3604 1378 3657 lla
1408 3605 1481 3655 iotst.
1501 3602 1532 3654 B.
1560 3628 1595 3640 -
1619 3605 1647 3657 8.
1747 3627 1749 3631 ·

309 3675 397 3726 littore
414 3675 451 3728 lt.
473 3697 502 3711 -
524 3673 567 3726 tt.
588 3667 655 3723 belloi
673 3677 819 3724 correctum
838 3675 865 3724 ln
884 3685 900 3720 c
918 3671 955 3724 lt.
978 3695 1006 3710 -
1027 3674 1083 3734 inp.
1102 3671 1150 3724 ll:
1169 3674 1234 3737 irrep.
1253 3673 1284 3725 ll.
1315 3699 1343 3712 -
1373 3674 1417 3725 te.
1436 3675 1501 3739 aptis
1520 3687 1580 3726 cum
1600 3676 1647 3728 liu.

310 3746 350 3799 Μ.
370 3743 408 3809 (tu
427 3741 711 3808 quemquumque
730 3741 837 3794 lostam
856 3743 1021 3794 restituenda
1040 3749 1096 3795 erat
1114 3742 1165 3792 lttt.
1185 3757 1204 3794 u
1223 3743 1250 3796 Ι.
1270 3744 1288 3794 Ι.
1307 3745 1449 3808 epistolis.)
1467 3767 1499 3782 -
1525 3743 1569 3797 ²⁰.
1590 3748 1646 3797 terr.

308 3815 352 3940 g:
370 3817 525 3950 paphiam-
546 3812 805 3866 remearem.
825 3812 856 3864 il.
878 3838 909 3851 -
927 3810 985 3876 cdl.
1004 3813 1052 3865 lta
1072 3809 1118 3879 eff.
1139 3811 1170 3862 ii.
1191 3838 1221 3854 -
1241 3814 1286 3866 Ἠ.
1305 3828 1388 3881 prcus
1405 3814 1444 3868 tt.
1467 3841 1495 3854 -
1516 3815 1560 3868 2³.
1579 3817 1646 3881 topt.

309 4085 411 4142 pastam
439 4076 731 4132 tsttntamta.»1n.-
752 4072 888 4140 muntia]
914 4088 958 4128 sc·
997 4078 1075 4128 rttum
1095 4075 1176 4129 lutras
1194 4077 1221 4128 ln
1238 4077 1297 4128 alus
1323 4089 1387 4140 pars
1411 4077 1560 4137 murrata:
1585 4089 1646 4130 naar

309 4167 386 4222 capta
405 4165 432 4210 et
449 4165 530 4224 grata.
550 4158 594 4209 Str
618 4157 750 4209 §alardus
768 4157 811 4207 Fr.
833 4156 902 4206 litat.
920 4157 957 4215 t.
997 4169 1044 4218 pre
1063 4156 1113 4207 noc
1130 4155 1214 4208 vario
1232 4156 1362 4210 tnsldloss
1380 4165 1491 4220 uacent
1514 4157 1646 4210 Antonius

308 4240 362 4292 t'la
382 4239 519 4301 Pompeius
536 4237 626 4288 assuta
643 4237 832 4301 meptetootior
843 4235 959 4286 oonmta
995 4248 1020 4288 r.
1040 4237 1242 4300 composuerint.
1259 4261 1288 4275 -·
1303 4237 1417 4291 Moestus
1427 4237 1529 4302 pacem]
1548 4237 1578 4289 C.
1598 4237 1643 4288 tt.

306 4319 378 4384 ptati
396 4317 514 4380 [noturus
531 4313 956 4375 tntsictor.clr.lnn.15‚³d·
1030 4315 1076 4367 dl.
1094 4313 1308 4382 imprecamini]
1334 4317 1473 4370 «deterior
1498 4322 1558 4371 etna
1585 4331 1646 4369 coa·

343 4399 387 4450 5³.
406 4395 564 4462 epitomem]
583 4397 683 4448 Sensus
703 4405 752 4456 est,
789 4396 957 4448 «Mucianum
995 4396 1065 4448 dicto
1084 4399 1140 4448 stre
1158 4396 1271 4448 dentltor
1286 4403 1366 4461 atqua
1385 4399 1512 4450 lndrrntor
1530 4403 1587 4452 stus
1600 4412 1646 4464 pu·

310 4478 473 4530 crlmtnando
492 4477 619 4537 etiamne.
639 4476 857 4539 utvesprslrnua
871 4475 957 4526 resae
995 4480 1076 4528 tentia
1104 4477 1220 4529 nasac»
1258 4476 1453 4542 (lepreossears
1477 4485 1585 4542 proprie
1612 4480 1644 4530 ds

309 4562 367 4622 ipso
385 4558 486 4609 lortltrr
504 4565 531 4608 et
548 4570 642 4620 magno
660 4569 719 4608 cnm
740 4557 855 4619 periculo
873 4560 958 4619 qaam
994 4560 1089 4619 aegris,
1109 4569 1224 4620 quornm
1237 4558 1345 4610 morbus
1358 4561 1461 4622 aegrior
1474 4561 1512 4610 lit.
1527 4557 1643 4622 Bursa.)

310 4653 363 4690 non
382 4639 492 4701 pertndo
509 4640 670 4696 aestimarat,
690 4637 956 4700 reciprocarum.»
995 4636 1106 4687 Etcum
1125 4641 1230 4702 aegroto
1251 4639 1384 4690 Vttstttum
1410 4647 1546 4703 comparat
1569 4641 1642 4691 irat·

310 4718 380 4768 Bas.
408 4739 437 4753 -
469 4718 616 4768 temous
641 4712 754 4781 ltaque]
780 4716 957 4777 Frequentius
996 4725 1048 4768 tus.
1075 4717 1138 4766 Stre
1162 4729 1242 4768 causa
1274 4719 1409 4770 Ernesttur
1435 4720 1529 4772 maluit
1553 4722 1643 4784 inpro-

310 4809 369 4848 cum
388 4797 504 4847 secundo
522 4808 595 4855 casu.
614 4796 660 4848 red
679 4803 707 4847 et
724 4808 783 4847 cum
799 4801 871 4847 sexto
886 4795 958 4846 illst·
994 4796 1130 4848 meabant
1147 4793 1254 4860 (malalr
1277 4797 1341 4849 ttiud
1366 4799 1449 4850 multe
1475 4802 1639 4864 saqulslttus.

310 4879 336 4935 i.
357 4875 406 4926 θῦε
425 4877 581 4928 torowdirus
597 4878 719 4928 assume
738 4877 825 4927 lirun.
844 4875 914 4926 ann.
928 4875 956 4934 o.
995 4876 1028 4926 Ut
1041 4876 1094 4936 istc,
1112 4877 1146 4928 ds
1166 4881 1284 4938 personia
1296 4883 1375 4930 ettam
1391 4878 1448 4929 cic.
1462 4879 1496 4931 ds
1510 4879 1573 4932 San.
1587 4881 1636 4930 tlt

310 4955 362 5006 tos
380 4956 496 5006 modicus
513 4957 658 5008 ssosrttots.
676 4977 703 4992 -·
717 4951 819 5019 mom]
836 4957 863 5005 ln
882 4959 957 5006 culus
994 4968 1111 5018 corporo
1127 4954 1320 5022 dsfcttpstiorss
1344 4961 1541 5024 inprocereoor.
1572 4959 1638 5012 ruo.

310 5040 403 5100 ports,
432 5047 509 5096 quan
537 5035 677 5087 Mucianus
711 5035 865 5094 obtinebat,
892 5035 957 5086 ntotl
995 5035 1062 5098 lipp.
1083 5035 1174 5096 mo:
1195 5036 1566 5104 Varantamocioproossott‚
1585 5039 1638 5090 eta·

308 5114 446 5174 maiarum
459 5113 560 5176 lucram
579 5115 785 5180 naudmsrnum
798 5117 955 5179 ltaqusms·
992 5122 1050 5168 mut
1077 5118 1193 5168 moneas
1218 5122 1269 5172 cet.
1293 5143 1328 5158 -
1356 5131 1483 5184 suumque
1513 5113 1638 5180 eam]
