3698 5886
543 1510 610 1597 10.
643 1507 930 1595 erasmus
960 1509 1190 1597 ORELLH

664 1695 1072 1776 PRAEFATIO.

758 1971 978 1984 ,.-...----

251 2205 379 2274 Baiteri
401 2206 466 2270 mei
487 2205 586 2270 amica
608 2213 641 2270 et
669 2205 794 2272 assidua
825 2228 885 2294 ope
912 2205 1024 2282 iretur,
1057 2206 1266 2292 quodcunque
1297 2209 1409 2292 potui,
1447 2206 1536 2274 effeci

157 2393 159 2396 -
188 2349 226 2414 in
267 2347 489 2414 constituenda
529 2347 664 2413 lectione
706 2347 804 2412 Taciti
838 2348 1001 2412 Annalium
1041 2353 1072 2411 et
1113 2349 1323 2412 Historiarum
1368 2368 1409 2412 ex
1450 2345 1538 2414 libris

191 2487 366 2566 Medicam
401 2486 514 2574 quodsi
546 2487 615 2575 quia
646 2487 724 2553 aliun
754 2489 874 2552 maiora
904 2494 997 2574 atque
1034 2485 1193 2552 exactiore
1224 2484 1350 2552 eosdem
1371 2487 1537 2553 revolvens

194 2629 415 2712 praestiterit,
438 2647 575 2694 summan
596 2627 626 2693 ei
648 2627 764 2712 gratias
784 2625 982 2694 habebimus.

263 2805 367 2870 Simili
394 2803 498 2870 studio
527 2806 560 2870 in
581 2804 738 2888 Apricoloc
769 2807 835 2870 Vite
856 2802 1024 2871 (lodicibus
1045 2806 1125 2870 ΓΛ
1152 2825 1228 2868 usus
1257 2823 1348 2878 sum,
1383 2811 1537 2890 qnatenus

196 2963 310 3010 eornm
339 2943 489 3011 lectiones
519 2943 620 3011 adhuc
648 2947 871 3023 innotuerunt;
909 2946 1009 3011 multo
1030 2943 1123 3028 plora
1145 2945 1229 3009 enim
1252 2951 1284 3008 et
1304 2944 1536 3026 accuratioraa

196 3086 320 3151 Wexio
342 3083 511 3170 aliquando
532 3083 801 3151 subministratum
820 3084 862 3150 iri
891 3105 1071 3169 speramns3
1107 3085 1227 3149 interea
1254 3090 1359 3146 umen
1388 3080 1439 3147 vel
1459 3083 1536 3146 Pro·

201 3245 344 3310 mamma
364 3223 434 3290 eins
454 3224 653 3291 utilissimum
673 3224 751 3290 mihi
771 3223 842 3290 init.

266 3404 303 3466 ln
326 3403 490 3468 Gffmonio
511 3409 543 3467 et
563 3404 691 3486 Diciopo
719 3409 790 3467 ente
818 3423 928 3468 omnes
949 3423 1033 3467 nnnc
1062 3403 1240 3488 sequendus
1262 3408 1329 3467 erat
1351 3397 1426 3466 Cod.
1450 3397 1537 3464 Peri·

201 3541 354 3608 nonianus
395 3540 703 3628 praestantissimus,
749 3543 838 3608 cuius
875 3541 1103 3626 diligentiorem
1136 3543 1303 3608 Trosniana
1335 3541 1535 3606 collationem

200 3681 310 3767 plures
338 3689 409 3748 ante
437 3701 536 3747 annos
566 3685 605 3747 ab
638 3681 739 3747 amico
768 3681 959 3765 Boeciringic
987 3682 1162 3768 gratissimo
1193 3685 1277 3746 dono
1299 3687 1457 3766 acceptam
1478 3698 1537 3765 per

202 3823 310 3888 nescio
343 3842 437 3908 quem
469 3842 611 3888 errorem
651 3829 762 3908 postea
796 3820 868 3887 huic
908 3823 1025 3901 tribui;
1062 3842 1172 3887 verum
1205 3819 1337 3887 eandem
1369 3821 1535 3886 Francisco

202 3962 323 4028 Rittero
345 3963 454 4027 deberi
478 3971 569 4028 etex
590 3961 683 4028 huius
704 3960 827 4027 schedis
849 3983 867 4027 a
888 3983 921 4026 ne
949 3969 1068 4028 tantum
1095 3961 1313 4048 transcriptam
1344 3981 1432 4036 esse,
1468 3960 1536 4047 ipse

203 4101 412 4188 Boenkingiue
433 4101 493 4168 hoc
523 4122 630 4168 mense
660 4103 838 4187 Septembri
861 4102 1007 4169 Turicum
1036 4123 1144 4168 rursus
1170 4104 1275 4168 visens
1303 4099 1380 4166 mihi
1406 4107 1535 4166 tentatus

210 4251 263 4306 eet
310 4242 370 4308 Hic
406 4241 502 4327 igitur
541 4240 771 4309 involuntariae
804 4244 975 4309 memoriae
1006 4240 1111 4326 lapsus
1144 4239 1260 4329 ubique
1292 4249 1327 4306 ut
1358 4239 1535 4323 corrigatur

205 4379 334 4448 lectoren
367 4401 493 4466 precor.
544 4381 822 4448 Doederleinianae
852 4382 1008 4449 Editionis
1043 4382 1113 4449 Vol.
1144 4385 1183 4448 Π.
1220 4389 1294 4447 tnnc
1324 4383 1450 4447 demum
1483 4399 1534 4444 me

199 4525 368 4590 cumulare
394 4523 552 4605 potuisse,
589 4541 660 4588 cum
689 4542 804 4608 operae
832 4524 958 4590 iamiam
989 4525 1022 4588 in
1042 4521 1175 4608 Dialogo
1207 4527 1374 4606 occupatae
1407 4525 1535 4593 essent,

194 4682 396 4750 magnopere
416 4661 520 4732 doleo.

256 4844 357 4922 Quod
381 4847 486 4907 autem
518 4840 558 4908 ad
585 4849 682 4908 totam
710 4842 862 4909 rationem
897 4845 1037 4909 criticam
1066 4845 1220 4928 pertinet,
1253 4860 1317 4906 non
1345 4839 1412 4905 sine
1444 4839 1537 4924 gravi

185 4982 333 5071 quadam
357 4982 459 5047 animi
480 4980 622 5049 molestia
641 4982 801 5050 fatendum
824 4993 889 5063 est,
924 4985 970 5050 nti
990 5003 1041 5050 me
1063 5003 1126 5047 non
1147 4979 1287 5065 potuisse
1308 4981 1536 5068 permultomm
