3576 5880
309 447 372 514 uit
659 444 849 514 CORNELII
870 443 1006 514 Ticini
1027 443 1303 516 iiisioniitiiiiii

310 604 396 672 ilium
428 603 578 692 proprias
607 602 707 672 rubor
739 607 913 682 excitabat,
944 625 985 674 ne
1013 607 1083 674 aliis
1104 608 1213 675 electis
1235 605 1434 693 posthabitus
1455 610 1653 676 crederetur.

307 718 519 806 paulatimque
541 739 600 802 per
621 718 859 786 altercationem
879 723 920 786 ad
942 720 1107 788 continuas
1128 729 1160 786 et
1180 719 1309 788 inientes
1330 721 1489 790 orationes
1510 720 1656 807 provecti

308 840 398 910 suut,
433 841 605 917 quaerente
628 832 775 900 Helvidio
803 831 879 918 quid
907 833 952 900 ita
971 833 1139 902 Marcellus
1160 835 1311 902 iudicium
1334 836 1575 920 magistratuum
1600 855 1656 923 pa·

308 953 467 1012 vesceret:
502 966 570 1012 esse
592 943 639 1012 illi
659 947 823 1033 pecuniam
858 955 890 1012 et
915 947 1147 1036 eloquentiam,
1182 949 1253 1036 quis
1281 951 1396 1016 multos
1425 950 1583 1026 anteiret,
1624 949 1656 1014 ni

286 1058 462 1125 anemoria
491 1059 681 1145 flagitiorum
714 1068 914 1145 urgueretur.
967 1069 1052 1127 sorte
1085 1070 1117 1128 et
1147 1083 1228 1128 urna
1260 1081 1366 1130 mores
1397 1083 1460 1130 uon
1493 1061 1654 1130 discerni:

308 1170 457 1257 suffragia
479 1180 512 1238 et
532 1172 797 1242 existimationem
818 1183 944 1240 senatus
965 1183 1107 1260 reperte,
1128 1184 1164 1241 ut
1183 1175 1216 1241 in
1238 1175 1391 1262 cuiusque
1406 1178 1503 1242 sitam
1524 1174 1656 1242 lamam·

308 1308 369 1372 que
391 1294 604 1388 penetrarent.
626 1285 787 1371 pertinere
807 1289 847 1352 ad
870 1286 1035 1354 utilitatem
1057 1286 1282 1376 reipublicae,
1305 1289 1464 1376 pertinere
1478 1291 1518 1354 ad
1534 1294 1659 1376 Vespa-

307 1401 386 1466 siani
407 1403 579 1476 bonorem.
613 1419 780 1466 occurrere
808 1399 854 1466 iiii
876 1421 956 1488 quos
986 1402 1260 1469 mnoaeutissimcs
1282 1410 1408 1470 senatus
1429 1401 1563 1480 babeat,
1601 1404 1658 1489 qui

308 1512 449 1580 honestis
470 1515 670 1580 sermonibus
698 1534 791 1580 aures
820 1513 1021 1600 imperatoris
1041 1515 1182 1582 inbuant.
1209 1513 1308 1582 iubae
1330 1515 1523 1604 Vespasiano
1545 1516 1660 1582 aurici-

270 1625 384 1693 ntiam
405 1646 478 1693 cum
500 1629 658 1704 Thrasea,
683 1630 827 1705 Sereno,
852 1625 981 1706 Seutie;
1015 1649 1151 1713 quorum
1179 1638 1376 1696 eoaumtores
1404 1629 1527 1696 etiamsi
1548 1629 1659 1714 puniri

308 1763 373 1807 uon
395 1749 561 1828 oporteat,
594 1744 743 1808 ostentari
774 1762 837 1804 non
860 1739 988 1808 debere.
1010 1742 1072 1806 hnc
1094 1749 1221 1810 senatus
1244 1741 1359 1810 iudicio
1381 1743 1467 1810 velut
1487 1743 1658 1809 admoneri

306 1853 482 1941 principem
514 1874 594 1940 quos
627 1857 758 1942 probet,
794 1874 874 1939 quos
907 1852 1102 1921 reformidet.
1140 1853 1262 1920 nullum
1290 1854 1391 1922 meins
1418 1856 1495 1920 boni
1525 1855 1658 1940 imperii

307 1965 550 2035 instrumentum
573 1987 668 2054 quem
689 1964 791 2033 bonos
813 1965 932 2034 amicos
954 1987 1033 2034 esse.
1065 1967 1140 2034 setis
1162 1967 1313 2034 Marcello
1334 1967 1421 2056 quod
1442 1971 1604 2036 Neronem
1625 1969 1660 2037 iu

308 2081 437 2147 exitium
471 2090 519 2147 iot
553 2081 766 2148 innocentium
801 2079 974 2164 inpulerit:
1020 2080 1180 2148 frueretur
1210 2081 1357 2169 praemiis
1390 2091 1423 2148 et
1456 2081 1659 2170 inpunitate,

270 2195 536 2282 ssVespasianum
558 2195 742 2262 melioribus
764 2195 967 2279 relinqueret.
1010 2193 1053 2278 (8)
1085 2193 1250 2262 Marcellus
1271 2217 1336 2262 nou
1356 2216 1445 2262 suam
1466 2195 1659 2262 senteutiam

306 2308 491 2396 inpugnari,
514 2312 568 2374 aed
591 2307 751 2375 consulem
773 2306 967 2393 designatum
990 2307 1150 2374 censuisse
1172 2307 1319 2386 dicebat,
1351 2307 1522 2375 secuudum
1546 2319 1661 2376 vetera

308 2425 474 2509 exempla,
509 2442 589 2505 quac
612 2429 730 2488 sortem
752 2421 963 2505 legationibus
984 2423 1183 2508 posuissent,
1217 2443 1258 2488 ne
1279 2420 1445 2488 ambitioni
1467 2431 1520 2488 ant
1548 2421 1660 2488 inimi·

308 2535 389 2603 citiis
411 2535 499 2602 locus
520 2534 613 2602 soret.
650 2533 727 2601 nibil
750 2535 891 2600 evenisse
913 2553 970 2600 cur
991 2534 1162 2620 antiquitus
1184 2536 1325 2600 instituta
1347 2537 1568 2602 exolescerent
1600 2544 1658 2602 ant
1758 2590 1760 2594 .

309 2648 457 2735 principis
489 2651 595 2714 bonor
621 2649 654 2712 in
684 2647 867 2732 cuiusquam
889 2647 1110 2713 contumeliam
1140 2655 1334 2729 verteretur3
1370 2647 1513 2715 sufficere
1543 2668 1662 2715 omues

272 2763 474 2846 nobsequio.
496 2761 529 2826 id
544 2760 641 2846 magis
656 2758 837 2836 vitandum,
860 2780 901 2824 ne
922 2760 1100 2844 pervicacia
1114 2766 1312 2849 quorundam
1334 2764 1517 2830 inritaretur
1530 2765 1661 2830 animus

308 2896 393 2943 novo
414 2874 590 2962 principatu
611 2893 781 2960 suspensus
801 2882 835 2940 et
854 2873 959 2942 soltus
980 2895 1107 2962 quoque
1128 2895 1165 2941 ae
1185 2896 1349 2942 sermones
1363 2875 1505 2942 omnium
1519 2875 1663 2942 circum·

377 3070 403 3120 i.
423 3067 593 3121 nannenten·
611 3066 650 3119 ii.
668 3093 703 3104 -·
727 3067 754 3121 Β.
774 3081 846 3132 puer·
864 3067 902 3118 bt.
924 3092 953 3106 -
985 3067 1012 3119 Β.
1029 3073 1191 3133 annueretur
1208 3067 1255 3120 ii=
1275 3073 1414 3132 aramius
1432 3067 1465 3119 Β.
1484 3091 1516 3104 -
1544 3067 1574 3120 Β.
1597 3063 1663 3120 atti

308 3136 371 3202 (nnn
391 3139 467 3201 nita,
487 3148 516 3190 nt
535 3144 577 3191 est
594 3137 665 3201 apud
686 3134 849 3198 Erbentium)
867 3138 905 3189 bt.
925 3162 957 3175 -
976 3139 1002 3189 ‘t-
1021 3140 1100 3201 reip.
1121 3139 1159 3189 ii.
1179 3162 1211 3175 -
1230 3138 1257 3189 t.
1276 3139 1332 3189 inb.
1351 3139 1397 3191 lt:
1414 3139 1476 3190 ini.
1497 3138 1529 3190 u.
1551 3165 1587 3176 -
1613 3141 1660 3192 iii.

306 3208 435 3332 ‘wioni'
449 3213 526 3330 tissp¹¹¹
535 3211 575 3294 ii..
587 3231 619 3246 -
635 3209 682 3330 1134.
702 3211 759 3273 inp.
778 3208 823 3264 ai:
842 3209 907 3273 imp.
927 3207 960 3259 Β.
979 3207 1102 3262 Ceterum
1121 3208 1149 3264 ti
1167 3203 1328 3274 inpnnimti.
1349 3233 1380 3248 -
1399 3212 1455 3274 inp.
1475 3209 1520 3264 tlt
1541 3211 1611 3274 terp.
1628 3211 1660 3261 Β.

309 3303 341 3318 -
397 3294 478 3330 .anr.
536 3291 615 3330 ιινι.
658 3313 667 3332 .

307 3441 442 3489 auctorem
461 3440 553 3498 puto.»
573 3434 678 3488 Ossae.
710 3435 792 3488 Recte
806 3432 958 3495 oberimus,
997 3435 1164 3487 matrimonii
1174 3437 1389 3486 tnatninasniana.
1405 3458 1437 3471 -
1456 3433 1540 3486 benaa
1553 3437 1663 3488 ιιιιιίιιιι

308 3519 358 3567 nisi
385 3516 456 3581 quod
490 3515 573 3582 legem
605 3515 638 3568 da
664 3517 776 3578 imperio
803 3514 959 3578 Vespasiani
997 3527 1060 3566 ιιιι.
1079 3510 1156 3579 mita]
1176 3515 1250 3567 tinea
1270 3513 1382 3568 licitiaeri
1402 3515 1535 3566 distinctio
1551 3516 1663 3579 preate-

308 3596 392 3660 iegem
418 3599 515 3660 regiam
539 3601 633 3654 roeet3
663 3595 735 3658 quod
754 3607 850 3648 nomeu
870 3595 959 3644 baina·
997 3594 1080 3648 rende
1103 3595 1242 3647 videbatur
1261 3593 1461 3648 Waiiberiauee
1485 3594 1571 3646 bonos
1590 3600 1664 3648 emt-

307 3675 379 3727 modi
406 3675 508 3740 tegibus
532 3682 650 3738 tempere
670 3676 776 3727 aemam
797 3677 957 3739 posteriore,
995 3685 1050 3724 eoa.
1069 3687 1121 3726 esse
1138 3675 1214 3724 saite.
1244 3669 1350 3746 Γνῶμῃ
1368 3674 1432 3726 aad.
1453 3680 1510 3725 erat
1529 3675 1660 3728 verbum.

308 3759 387 3809 tertio
406 3763 466 3819 posi
483 3756 545 3806 Cbr.
566 3755 656 3808 secuto
675 3754 807 3816 dabatur,
832 3761 862 3807 ut
880 3754 959 3809 docet
1031 3753 1059 3804 Β.
1077 3755 1206 3805 οιιιιιιίιιι
1224 3754 1289 3814 eet]
1307 3753 1495 3824 βραχυλογία
1513 3767 1563 3818 pra
1584 3769 1662 3808 «nou

306 3836 409 3887 Puebta
429 3833 575 3887 Geneticbte
591 3835 614 3886 1.
638 3847 664 3898 p.
680 3835 741 3886 ³¹1⁷.
769 3834 824 3887 Cir.
845 3833 959 3887 tiasen-
995 3847 1044 3894 ιο,
1063 3834 1111 3886 setl
1131 3833 1443 3898 oonsuiemdesiguatnm
1462 3837 1497 3885 ita
1513 3839 1661 3888 censuisse

309 3919 356 3968 tier
377 3916 491 3970 Severus
510 3916 576 3966 ced·
596 3916 629 3976 a,
650 3915 703 3977 aa,
725 3914 761 3965 ³2
802 3915 873 3966 ticet
892 3917 960 3966 enini
997 3914 1119 3976 dicebat,
1139 3913 1549 3982 etquidemseeundumretera
1566 3930 1662 3970 exem·

307 3998 362 4050 tex
379 3997 522 4062 imperti
546 3995 712 4046 aauamnibna
729 3995 960 4058 inrisimperaia·
997 3994 1076 4058 ptem
1116 4008 1185 4058 quae
1221 3997 1288 4047 ratio
1315 3995 1449 4046 iudicatur
1477 4004 1614 4050 commate
1645 4011 1662 4050 a

307 4076 510 4130 camaeleonti,
541 4075 607 4126 nibil
633 4082 722 4126 tamen
745 4081 801 4126 tam
818 4075 959 4140 proprium
996 4074 1116 4127 Bellero
1134 4081 1196 4126 aute
1215 4088 1239 4125 v.
1258 4074 1401 4126 samnium
1419 4079 1514 4138 positu.
1563 4076 1663 4128 lunxit

307 4156 411 4220 imperii
428 4159 465 4206 est
483 4169 562 4220 poam
579 4154 675 4220 tepibna
693 4155 788 4206 uivere.
997 4154 1118 4206 Wetiber
1135 4154 1266 4206 conantem
1284 4155 1311 4204 α.
1331 4157 1461 4205 sananim
1486 4155 1593 4208 annom
1621 4171 1662 4208 aa·

342 4237 369 4288 't-
394 4247 443 4300 per
469 4229 688 4296 altercationem]
719 4232 750 4283 V.
771 4235 905 4296 propriam
923 4232 957 4286 de
997 4233 1113 4286 canaam
1131 4241 1182 4287 eet.
1204 4259 1232 4270 -
1252 4234 1394 4286 secandum
1411 4243 1503 4286 vatem
1519 4233 1660 4302 inempta]

309 4315 533 4380 (lisputationibus
557 4314 754 4369 adversantium
779 4314 828 4364 sibi
854 4319 958 4364 aenato-
997 4313 1130 4378 «Accipe,
1158 4327 1211 4366 non
1240 4317 1315 4378 qusai
1342 4327 1447 4376 semper
1472 4313 1551 4378 isnin
1581 4325 1661 4370 sorte

313 4409 384 4448 rum.
429 4394 588 4448 Particulam
609 4395 668 4446 talis
694 4393 873 4444 aitsremicnis
899 4394 958 4446 ride
997 4394 1059 4446 clim
1078 4397 1169 4453 misai,
1197 4393 1244 4445 aad
1268 4407 1365 4458 saepe»
1391 4397 1484 4454 (imaro
1503 4397 1659 4457 interdum,

308 4477 379 4541 apua
398 4476 452 4528 cie.
481 4475 514 4528 ed
536 4476 591 4527 bit.
611 4474 711 4536 1,it:
745 4471 865 4525 Clodiani
889 4472 959 4537 {rapt
996 4476 1024 4524 tn
1042 4473 1122 4525 rebus
1141 4473 1295 4534 tertoribus,
1326 4473 1372 4524 ubi
1390 4473 1462 4525 beuti
1481 4473 1596 4526 mutium
1617 4484 1661 4526 at-

308 4559 450 4608 incenato
466 4556 640 4607 altercatione
657 4552 784 4604 moment
803 4559 854 4604 eet.
874 4553 959 4604 Alter·
996 4555 1117 4614 tinebat,
1146 4555 1205 4618 qula
1239 4551 1389 4619 legaretur).
1426 4555 1472 4605 aiu
1506 4566 1564 4605 eam
1597 4569 1659 4608 rem

310 4637 456 4688 enitcnibut
474 4634 800 4700 opponanturcnntinaae
813 4635 956 4688 orationes.
997 4634 1116 4696 exempta
1141 4635 1206 4688 baec
1229 4636 1344 4696 reperio.
1382 4634 1475 4686 Cicera
1492 4634 1525 4684 aa
1545 4635 1605 4686 nn.
1628 4638 1657 4698 t,

310 4723 338 4769 et
366 4730 390 4767 r.
418 4715 528 4778 infestas
555 4714 656 4766 iudicat
683 4717 709 4766 tn
741 4712 958 4764 altercationibus
996 4713 1049 4765 tiis
1080 4713 1346 4772 §matutinarium
1377 4721 1408 4765 ai
1428 4714 1510 4779 iepait
1526 4728 1587 4766 nana
1607 4731 1661 4768 au·

310 4795 375 4846 nibil
389 4797 487 4846 inimici
500 4798 647 4846 accensita
662 4796 759 4846 inesse·
778 4793 889 4855 Proprie
902 4805 957 4844 aaa
996 4794 1119 4845 coornati
1142 4795 1316 4844 mitterentur.
1353 4792 1437 4845 Addit
1463 4799 1520 4857 pest
1544 4807 1657 4857 paueat

311 4881 352 4930 est
369 4877 418 4926 uisi
437 4871 597 4940 ἀμοιβαῖος
615 4871 715 4943 λόγος.
745 4871 831 4925 Gloss.
853 4873 956 4925 Pbiioa.
994 4873 1053 4923 Hae
1070 4884 1127 4922 non
1144 4886 1208 4936 quen
1224 4875 1390 4937 praeterire:
1408 4887 1467 4925 enne
1484 4873 1659 4928 onemun-

312 4956 382 5009 liatt·
398 4979 426 4990 -
446 4951 548 5018 Santic]
567 4955 759 5020 nobistanoie3
780 4953 956 5007 actitianum
995 4953 1068 5004 stiae
1093 4966 1153 5004 maa
1174 4953 1266 5015 maria
1291 4965 1351 5004 aare
1373 4954 1484 5018 ιωίιιιι,
1510 4968 1567 5004 ana
1589 4969 1659 5008 occe
1707 5016 1712 5024 .

310 5033 418 5096 imi.
432 5046 508 5099 seqq.
530 5058 560 5072 -·
578 5031 794 5100 instrumentum]
814 5032 895 5094 Sici.
911 5033 956 5083 ab.
995 5037 1102 5083 senoina
1127 5034 1252 5098 frequens
1278 5033 1444 5085 retinendam
1465 5046 1506 5084 me
1529 5034 1559 5084 in
1583 5035 1659 5088 urbs

311 5114 508 5168 mathematicos
534 5119 610 5168 vocat
635 5115 778 5180 pusiniam
800 5113 958 5180 principalis
996 5113 1107 5166 cenanti.
1144 5112 1280 5178 liquibus
1298 5115 1463 5166 sortitione·
1488 5113 1542 5166 iilic
1566 5113 1657 5172 tuisse
