3630 5880
474 447 595 512 amau
615 445 657 513 11.
701 446 776 533 cap.
798 447 851 514 ss.
874 445 927 514 so.
951 447 1004 514 ar.
1028 447 1081 516 ss.
1393 451 1453 518 ua

121 604 224 690 quietis
238 603 385 691 cupidine
403 605 595 674 senatorium
612 604 757 674 ordinem
776 613 915 678 exuerat.
935 608 1021 674 idem
1038 626 1096 694 pro
1112 605 1210 674 Galba
1226 608 1291 674 dux
1309 605 1452 675 coloniae

120 737 204 795 suae,
237 739 337 806 oeque
358 738 456 806 opera
473 721 728 804 procurationem
750 722 897 808 adeptus,
932 721 1084 806 susceptis
1103 719 1287 808 Vespasiani
1309 723 1452 806 partibus

120 829 293 898 aoerrimam
325 831 410 900 bollo
441 831 541 898 lacem
569 833 730 918 praetulit:
764 854 829 900 uon
856 841 920 900 tum
947 835 1098 920 praemiis
1119 833 1334 918 periculorum
1358 853 1452 922 quam

120 945 186 1029 ipsis
205 942 352 1030 periculis
365 943 480 1022 laetus,
502 967 560 1030 pro
575 948 670 1014 certis
688 955 721 1014 et
734 945 810 1013 olim
831 945 928 1030 partis
950 967 1033 1014 noua
1054 945 1201 1032 ambigua
1219 948 1370 1035 ancipitia
1383 968 1450 1014 ma-

119 1055 204 1124 lebat.
246 1056 344 1142 igitur
360 1077 488 1124 mosera
510 1067 544 1124 et
563 1067 714 1144 quatere,
738 1060 886 1146 quioquid
907 1080 1039 1146 usquam
1059 1081 1192 1144 aegrum
1213 1061 1316 1138 foret,
1341 1059 1475 1146 adgre,
1505 1093 1508 1101 ·

119 1167 245 1236 (liuntur.
267 1171 402 1255 scriptae
415 1169 449 1236 iu
463 1169 653 1238 Britanniam
673 1174 714 1238 ad
732 1170 1042 1260 quartadecimanos,
1065 1173 1099 1238 iu
1121 1175 1303 1258 Hispaniam
1325 1172 1364 1240 ad
1388 1175 1453 1260 pri·

119 1303 216 1350 manos
238 1281 404 1369 epistolae,
441 1281 526 1368 quod
547 1292 681 1370 utraque
701 1283 784 1370 legio
806 1304 864 1371 pro
888 1285 1012 1350 Othone
1033 1287 1166 1352 adversa
1188 1286 1313 1353 Vitellio
1336 1285 1450 1352 luerat.

120 1403 299 1482 sparguntur
317 1415 376 1482 per
390 1395 504 1462 Gallias
526 1395 661 1476 littorae;
685 1405 906 1483 momentoque
924 1396 1074 1484 temporis
1097 1395 1248 1483 flagrabat
1261 1398 1371 1486 ingens
1385 1397 1453 1466 bel-

120 1508 191 1585 lum,
211 1507 344 1596 Illyricis
359 1506 553 1576 exercitibus
572 1509 676 1596 palam
694 1508 955 1588 desciscentibus,
979 1512 1090 1576 ceteris
1110 1508 1268 1577 fortunam
1283 1512 1450 1580 secuturis.

194 1618 258 1705 (87)
280 1625 362 1686 Dum
383 1622 464 1686 haec
484 1641 542 1709 per
561 1622 740 1708 provincias
761 1644 781 1688 a
801 1625 994 1707 Vespasiano
1022 1624 1217 1710 ducibusque
1238 1623 1375 1712 partium
1398 1648 1452 1713 ge·
1461 1663 1493 1706 ι.

120 1743 237 1810 auur,
259 1732 404 1800 Vitellius
426 1737 635 1822 contemptior
655 1737 688 1802 iu
709 1738 778 1802 dies
799 1737 1009 1822 seguiorque,
1032 1734 1072 1802 ad
1092 1739 1194 1802 omnis
1209 1738 1452 1824 municipiorum

121 1845 314 1934 villarumque
334 1846 538 1912 amoenitates
560 1849 726 1924 resistens,
750 1849 838 1932 gravi
852 1851 963 1914 urbem
983 1849 1107 1933 agmine
1129 1853 1266 1936 petebat.
1288 1852 1453 1938 sexaginta

121 1959 196 2026 milia
216 1966 409 2026 armatorum
432 1958 660 2046 sequebantur,
693 1960 819 2028 lieentia
841 1967 1005 2049 corrupia;
1038 1964 1184 2031 calonum
1211 1985 1360 2032 uumerus
1387 1985 1453 2032 am-

120 2071 209 2158 plior,
240 2071 474 2157 procacissimis
499 2075 593 2139 etiam
619 2073 701 2138 iuter
728 2094 837 2140 servos
863 2072 998 2140 lixarum
1020 2076 1171 2160 ingeniis;
1205 2085 1251 2144 tot
1276 2079 1453 2164 legatorum
1496 2060 1511 2080 ²

121 2184 344 2271 amicorumque
365 2185 530 2251 comitatus
552 2185 700 2252 inhabilis
720 2185 760 2252 ad
781 2185 973 2272 parendum,
996 2189 1089 2254 etiam
1110 2187 1138 2254 si
1158 2209 1279 2256 summa
1300 2190 1490 2273 modestia„

120 2307 285 2381 regeretur.
323 2301 496 2364 onerabant
523 2301 753 2368 multitudinem
782 2299 867 2368 obvii
896 2322 937 2366 ex
962 2298 1042 2370 urbe
1064 2309 1227 2370 senatores
1248 2305 1451 2391 equitesque,

122 2411 234 2496 quidam
257 2420 362 2485 metu,
384 2409 473 2478 multi
494 2430 552 2497 per
573 2411 800 2489 adulationem,
822 2414 919 2478 ceteri
941 2435 978 2478 ac
998 2413 1146 2500 paulatim
1169 2436 1295 2495 omnes,
1321 2439 1360 2486 uc
1382 2418 1453 2486 aliis

121 2521 378 2608 proficiscentibus
399 2523 462 2608 ipsi
485 2531 693 2620 remanerent
715 2523 966 2611 adgregabantur
980 2546 999 2592 e
1013 2524 1121 2611 plebe,
1143 2525 1296 2615 flagitiosa
1316 2552 1376 2619 per
1395 2529 1453 2598 ob-

122 2637 221 2723 sequia
238 2636 369 2703 Vitellio
390 2639 527 2724 cogniti,
560 2658 707 2715 scurrae,
737 2635 925 2716 histriones,
954 2641 1100 2724 aurigae,
1133 2641 1249 2727 quibus
1269 2642 1323 2712 ille
1344 2646 1453 2714 amici·

122 2751 222 2816 auum
244 2749 529 2816 dehonestamentis
549 2752 629 2816 mire
650 2752 816 2835 gaudebat.
844 2773 902 2816 noo
924 2752 1067 2818 coloniae
1089 2752 1183 2820 modo
1206 2763 1260 2820 aut
1281 2758 1489 2847 municipium

123 2871 261 2946 congestu
284 2862 462 2946 copiarum,
492 2860 549 2928 sed
570 2861 629 2948 ipsi
650 2866 788 2930 cultores
809 2884 964 2951 arvaque,
992 2866 1123 2932 maturis
1144 2868 1208 2932 iam
1229 2866 1401 2954 lmgibus,
1418 2880 1453 2938 ut

122 2974 225 3040 hostile
247 2975 350 3041 solum
372 2977 584 3042 vastabantur.
631 2973 691 3060 (88)
715 2977 831 3042 multae
853 2984 885 3042 et
898 2984 1021 3042 atroces
1034 2977 1118 3043 iuter
1133 2997 1167 3044 se
1182 2978 1316 3048 militum
1330 2982 1451 3062 caedes,

123 3093 185 3170 posi
203 3085 389 3153 seditionem
410 3089 511 3152 Ticini
533 3095 675 3173 coeptam
698 3096 845 3154 manente
871 3087 1031 3173 legionum
1060 3089 1311 3180 auxiliorumque
1333 3097 1452 3163 discor-

124 3198 183 3276 dia;
203 3197 256 3297 qbi
276 3198 427 3266 adversus
447 3219 588 3286 paganos
602 3199 784 3268 certandum
797 3199 897 3276 iuret,
919 3221 1085 3271 consensu.
1108 3205 1165 3269 sed
1180 3202 1313 3291 plurima
1328 3215 1451 3294 strages

124 3313 158 3377 ad
176 3315 342 3398 septimum
363 3310 402 3377 ab
423 3315 504 3380 urbe
525 3312 671 3400 lapidem.
696 3312 826 3397 singulis
839 3314 886 3378 ibi
901 3313 1053 3380 militibus
1066 3316 1211 3384 Vitellius
1223 3328 1350 3406 paratos
1363 3323 1451 3390 cibos
1461 3343 1489 3388 rs

124 3432 156 3490 ut
171 3425 384 3509 gladiatoriam
410 3427 548 3511 saginam
578 3425 755 3506 dividebat;
790 3434 821 3493 et
850 3425 950 3492 effusa
976 3426 1087 3513 plebes
1112 3433 1186 3498 totis
1206 3453 1241 3498 se
1263 3433 1374 3502 castris
1394 3438 1453 3502 mi·

185 3579 210 3628 1.
229 3577 317 3631 flabat
334 3577 404 3628 idam
421 3577 468 3638 it,
497 3591 549 3630 nou
568 3579 684 3642 idemque
701 3578 789 3632 Guall.
808 3580 978 3634 Putaui.-
1006 3583 1034 3635 b.
1054 3584 1185 3652 quidquid
1203 3587 1301 3640 bi-
1334 3587 1360 3642 6
1387 3591 1452 3644 brit·

127 3648 323 3701 toaiombl.-
353 3648 379 3698 7.
400 3649 724 3712 spurcaminum·
757 3652 1134 3708 11.omsccmttn.ti.-
1161 3657 1206 3708 13.
1233 3661 1398 3725 repaturbl
1418 3689 1451 3702 -

127 3719 164 3768 13.
129 3719 365 3852 fflaccrrqbim
337 3789 383 3842 Μ
335 3717 426 3769 -.13
444 3720 529 3771 miras
547 3717 632 3772 ld.-
652 3721 696 3773 13.
715 3723 937 3786 contemti.-
906 3723 1000 3777 -14.
1019 3727 1145 3779 mrtcudo
1164 3727 1266 3783 litteras
1284 3743 1299 3781 c
1317 3745 1450 3796 superscr.

274 3803 321 3840 ora

128 3921 229 3977 domabt
246 3926 324 3978 butus
342 3937 450 3988 oporam
468 3927 495 3977 tn
515 3937 546 3977 aa
561 3924 659 3979 Galbae
677 3929 766 3980 conci·
801 3929 828 3988 1,
849 3928 898 3980 31ι
918 3929 1452 4003 cpudliorcomcaaorataoatriasprn·

128 4002 206 4055 linum
229 4007 374 4059 adhibitam
404 4006 587 4069 descripserat.
615 4007 764 4059 liuor.-
801 4009 893 4059 cicuta
912 4009 983 4060 linco
1001 4023 1033 4060 cc
1049 4015 1225 4078 mpotiotorss
1242 4019 1357 4079 raperti,
1384 4031 1451 4083 quoa

128 4082 317 4148 aasumensi
347 4085 522 4147 Vespasianus
540 4092 567 4137 at
587 4090 699 4148 partium
718 4087 766 4138 du·
801 4090 842 4138 tau
859 4090 1021 4148 conuecti,
1051 4093 1113 4142 deta
1130 4095 1225 4158 cupido
1244 4098 1360 4160 cupandt
1375 4111 1451 4160 paau-

129 4174 175 4215 ιιι.
201 4163 267 4218 Sanc
282 4171 491 4218 mureutruaum
510 4171 551 4218 ast
569 4167 691 4228 epistolas
709 4167 765 4219 ilias
802 4169 890 4221 utum.
908 4177 1043 4232 postremo
1061 4171 1157 4223 otitoio
1173 4177 1282 4236 porrina
1298 4178 1450 4242 scirpum

128 4241 226 4306 abipso
245 4245 405 4308 Vespasiano
423 4248 849 4312 sulpureusque
867 4247 900 4298 ob
918 4247 1202 4304 mudasconensis
1219 4267 1316 4318 aprum
1333 4262 1450 4308 iconatu-

159 4321 200 4373 33.
218 4321 460 4390 mapiniumtb'c]
481 4325 548 4376 vida
567 4325 764 4377 breonum-
802 4325 878 4377 loct.
899 4325 934 4378 bt
952 4327 1159 4394 tuaequoqua,
1172 4333 1359 4396 utbtortdaa,
1377 4349 1450 4388 man·

129 4402 321 4468 minuentem]
355 4405 472 4467 vulgaria
499 4407 612 4466 scriptor
633 4405 710 4457 iactis
729 4404 765 4455 di·
804 4408 880 4469 ciplia
899 4406 933 4457 ob
950 4408 1028 4459 rilem
1047 4418 1188 4472 quaestum
1204 4423 1236 4463 ac
1254 4428 1339 4466 mores
1358 4428 1449 4478 proea-

129 4482 216 4534 unca:
244 4485 365 4536 colom
394 4483 562 4548 lixarumque
589 4497 738 4536 nummus-
755 4487 1153 4550 -a-rcaaequiparabantur
1174 4492 1337 4544 attaminatos·
1349 4497 1448 4561 seruos]

129 4559 213 4614 somn
228 4565 354 4630 inparatis,
374 4566 413 4616 uti
432 4563 590 4626 pierumque
608 4568 817 4628 iunguntur-n
804 4565 861 4618 arai
879 4570 900 4617 st
920 4579 980 4618 cum
1006 4580 1140 4626 serrorum
1164 4573 1274 4635 ingentis
1296 4586 1449 4638 compares,

130 4639 177 4690 etr.
195 4644 317 4706 suprat,
336 4641 381 4694 43.
400 4642 437 4702 3,
455 4643 489 4694 13
509 4650 534 4694 ιι
552 4642 597 4694 33.
629 4641 693 4708 (Cir.
713 4643 765 4694 Fe·
802 4648 881 4697 attam
895 4647 961 4698 baec
974 4651 1132 4708 prccaritata
1144 4654 1323 4714 superantia
1342 4655 1448 4710 Buran-

131 4727 229 4784 uturp.
251 4723 295 4774 33.
336 4723 443 4776 iduatus
477 4721 622 4774 Calones
651 4722 766 4774 miiitum

131 4802 270 4854 suctdicti.
305 4801 512 4864 Nominandi.
550 4801 765 4856 Marc..tssa-
837 4802 881 4854 33.
911 4803 1148 4869 Tioioiooeptom]
1176 4806 1229 4860 Cir.
1249 4808 1336 4864 337.
1350 4813 1448 4864 33.-

133 4891 194 4933 ιιιιι
218 4884 368 4945 mator
392 4881 454 4932 boec
478 4885 532 4938 art,
562 4881 767 4946 quodomnium
800 4879 935 4947 paganos]
955 4881 1008 4934 Cir.
1028 4887 1054 4945 1,
1072 4885 1390 4951 33.-6666166636
1406 4908 1450 4948 aa·

133 4960 645 5026 mimumuuticsnpunsocaeodca,
669 4961 765 5012 liram
802 4958 909 5027 quom]
937 4961 1082 5025 Cypriacae
1111 4965 1161 5028 llp.
1180 4968 1213 5019 ad
1236 4968 1368 5024 Donatum
1384 4972 1449 5039 (lid.

134 5050 235 5100 mque
250 5054 345 5105 aquom
361 5038 652 5102 ιιιιιιιυοοαυιιιιηι)
687 5041 765 5092 Liras
803 5040 877 5092 Falli.
895 5040 1005 5094 bremae
1031 5042 1112 5098 1313.
1137 5058 1163 5107 p.
1184 5043 1240 5112 bl:
1273 5051 1399 5114 impiatos·
1420 5057 1451 5108 ea

136 5113 456 5183 mrosiontuastutus,
475 5118 642 5184 ruccotttnu
655 5120 764 5174 aranu
802 5131 908 5172 ameum
923 5120 987 5174 cidit
1003 5121 1157 5188 fortioribus
1182 5139 1277 5192 eorpus
1295 5137 1320 5184 at
1338 5134 1451 5188 omum
