3574 5878
318 407 379 474 itio
821 407 1009 474 CORNELII
1030 407 1165 473 Ticiri

317 566 495 654 loquimur,
529 575 561 633 ei
583 587 663 654 quae
684 566 842 652 probitate
864 577 896 634 et
917 565 1071 634 modestia
1093 569 1243 652 gaudeat:
1273 568 1329 632 sed
1352 571 1400 631 est
1420 584 1534 650 magna
1554 563 1609 630 iiia
1628 573 1659 630 ct

318 682 464 746 notabitis
496 682 676 765 eloquentia
705 679 828 748 alumna
857 681 1019 756 licentiae,
1052 701 1146 768 quam
1177 680 1260 770 stadii
1282 677 1460 745 libertatem
1483 680 1656 754 romhaat,

319 813 425 859 comes
446 791 651 870 seditionum,
679 793 823 859 effrenati
844 796 953 880 popuii
975 793 1230 868 incitamentum,
1262 795 1331 858 sine
1353 791 1529 876 obsequio,
1547 791 1572 872 †
1592 790 1659 856 sine

317 905 486 981 servitute,
510 913 700 983 contumax,
725 906 910 982 temerario,
935 927 1105 992 arrogans,
1128 909 1265 993 quaein
1288 904 1369 971 bene
1384 904 1565 970 mustitutis
1586 903 1659 969 civi-

296 1017 432 1086 siaiibus
447 1040 509 1084 non
526 1021 640 1084 oritur.
667 1039 760 1104 quem
784 1021 866 1084 enirn
880 1029 1036 1084 oratorem
1051 1019 1343 1093 Lacedaemonium,
1366 1039 1461 1106 quem
1476 1019 1658 1084 Cretensem

319 1134 519 1214 accepimus?
541 1153 675 1216 quarum
697 1132 855 1197 civitatum
868 1131 1098 1213 †severissima
1115 1129 1281 1214 disciplina
1296 1139 1328 1197 et
1340 1131 1561 1198 severissimae
1574 1129 1658 1216 leges

318 1243 492 1310 traduntur.
539 1267 596 1309 nec
618 1243 822 1310 Macedonum
846 1243 973 1331 quidem
996 1267 1032 1310 ac
1056 1247 1220 1312 Persarum
1242 1251 1297 1310 aut
1317 1245 1413 1312 uiiim
1434 1244 1555 1326 gentis,
1581 1265 1659 1330 quae

319 1366 407 1422 certo
434 1357 568 1443 imperio
597 1366 743 1423 contenta
773 1356 885 1433 suerit,
916 1359 1125 1443 eloquentiam
1161 1360 1317 1422 novimus.
1363 1357 1476 1424 Rhodii
1508 1356 1658 1444 quidam,

317 1469 444 1556 plurimi
466 1470 672 1535 Athenienses
694 1479 838 1535 oratores
854 1471 1051 1547 exstiterunt,
1069 1474 1153 1554 apud
1165 1491 1246 1556 quos
1260 1470 1366 1536 omnia
1380 1468 1530 1556 populus,
1555 1471 1659 1535 omnia

281 1581 478 1666 mimperiti,
501 1582 607 1646 omnia
629 1581 674 1666 (ut
695 1585 739 1647 sic
761 1581 905 1666 dixerim)
929 1603 1039 1648 omnes
1061 1593 1216 1669 poterent.
1262 1591 1369 1650 nostra
1391 1603 1520 1670 quoque
1539 1583 1658 1659 civitas,

318 1694 418 1761 donec
430 1696 557 1770 erravit,
571 1693 672 1760 donec
683 1715 717 1760 se
728 1698 870 1782 partibus
880 1704 911 1760 ei
919 1696 1168 1770 dissensionibus
1181 1706 1212 1761 ei
1221 1694 1385 1763 discordiis
1397 1695 1545 1774 coniecit,
1559 1700 1660 1764 donec

233 1791 239 1800 ’
317 1808 400 1875 nuliis
416 1807 474 1872 iuit
484 1807 517 1872 iu
531 1805 601 1872 iuro
613 1827 687 1894 pax,
711 1807 796 1873 nulla
811 1810 844 1872 in
858 1818 969 1874 senatu
981 1808 1158 1884 concordia,
1182 1809 1264 1876 uuila
1277 1809 1308 1875 in
1324 1809 1448 1875 iudiciis
1468 1812 1657 1886 moderatio,

317 1921 402 1986 nulia
422 1922 622 2005 superiorum
645 1925 839 1996 reverentia,
864 1920 965 1986 nulius
987 1922 1224 2006 magistratuum
1245 1922 1368 1999 modus,
1385 1921 1457 1988 tuiis
1472 1923 1542 1988 aine
1558 1922 1655 1989 dnbio

316 2032 523 2100 valentiorem
545 2032 771 2118 eloquentiam,
794 2033 873 2100 sicui
894 2031 1064 2102 indomitus
1086 2055 1162 2118 ager
1184 2033 1277 2100 hebet
1299 2038 1447 2121 quasdam
1462 2037 1581 2102 herhas
1597 2037 1658 2102 lae·

278 2148 423 2211 artiores.
448 2145 502 2210 sed
526 2165 584 2211 nec
607 2148 681 2210 tenti
704 2146 751 2212 rei
774 2144 918 2232 publicae
943 2147 1154 2213 Gracchorum
1173 2147 1351 2234 eloquentia
1373 2147 1431 2216 tuit
1452 2158 1658 2235 nipateretur

389 2374 417 2426 a.
437 2377 494 2426 sine
512 2377 649 2427 seueritate
666 2375 809 2438 Pithoeus,
842 2389 895 2427 non
912 2378 968 2428 sins
986 2379 1109 2428 seruitute
1126 2375 1213 2428 Doed.
1232 2389 1304 2437 susp.
1325 2376 1463 2439 (huebner
1480 2377 1586 2430 tueris:
1605 2379 1657 2430 mus

317 2447 444 2497 seruitute
462 2443 628 2506 contumax.)
647 2471 675 2482 -
696 2447 722 2497 i.
743 2461 800 2499 arr.
821 2447 893 2496 Pii:
914 2449 973 2498 adr.
989 2449 1019 2498 ii.
1034 2473 1065 2484 —
1084 2448 1112 2498 o.
1132 2450 1273 2511 accipimus
1286 2447 1316 2504 Ρ.
1336 2448 1514 2499 Emendatum
1534 2453 1562 2498 in
1575 2448 1654 2509 iieap.

318 2524 345 2569 et
362 2530 376 2566 s
397 2515 495 2578 Lipsio.
518 2541 547 2554 -
568 2523 592 2566 et
607 2519 788 2567 sanctissimos
807 2518 937 2569 Scheiius.
958 2519 1049 2572 hisitm
1069 2521 1172 2570 inverso
1191 2519 1301 2575 ordine:
1327 2521 1498 2568 secretissima
1515 2519 1655 2581 disciplina

318 2595 343 2638 ei
360 2589 548 2640 severissimae.
570 2614 600 2625 -
620 2587 646 2636 7.
666 2601 712 2638 nse
730 2589 750 2638 Ρ
762 2589 782 2638 F
793 2591 814 2635 it
826 2604 833 2638 ι
852 2601 887 2638 ns
906 2591 936 2640 ii.
957 2613 990 2628 -·
1008 2589 1081 2640 iilius
1098 2590 1129 2639 P.
1151 2616 1178 2630 -
1202 2589 1245 2640 si.
1264 2591 1345 2640 sicuti
1364 2589 1477 2640 domitus
1489 2588 1521 2639 P.
1542 2589 1656 2642 Correxit

316 2658 479 2710 Puteoianus
496 2660 575 2710 sicuti
591 2659 744 2712 indomitus.
763 2685 797 2694 -
823 2661 931 2710 tutiores
950 2671 1008 2709 rum
1028 2667 1090 2712 cett.
1111 2660 1142 2711 it.
1174 2659 1294 2712 Correxit
1312 2659 1468 2712 Rhenanus.
1489 2685 1523 2696 -
1550 2661 1594 2712 15.
1612 2674 1655 2712 use

316 2735 377 2782 tuto
395 2731 435 2782 ιιι·
451 2729 573 2792 poeticos
590 2741 651 2780 eum
672 2736 733 2780 ceti.
754 2729 785 2779 P.
807 2730 925 2782 Correxit
943 2731 1024 2782 idem.

317 2921 441 2984 deinceps
455 2923 589 2986 aliquanto
602 2921 756 2986 abruptius,
774 2921 820 2974 seii
842 2933 894 2972 non
908 2924 965 2974 sine
1004 2927 1060 2973 erat
1077 2923 1217 2984 imperinm
1231 2934 1319 2987 neque
1332 2923 1483 2987 ambiguum
1499 2923 1652 2986 habebatur,

317 3004 430 3066 quadam
449 3004 549 3054 occuita
570 3008 652 3053 ironia
673 3006 698 3053 in
720 3017 751 3055 eo
771 3003 907 3060 eichorat,
937 3009 966 3051 ιιι
1003 3014 1046 3052 rer
1065 3015 1098 3053 an
1118 3012 1225 3055 senatus
1243 3017 1276 3053 an
1298 3003 1410 3065 popuius
1430 3007 1602 3066 imperaret.»
1623 3005 1651 3053 ii.

315 3086 372 3147 ipse
391 3097 497 3147 quoque
516 3084 663 3146 approbare
686 3084 806 3134 rideatur
830 3083 964 3132 bominum
1004 3106 1034 3119 -
1053 3081 1167 3146 Rhodii}
1200 3085 1311 3147 iniaiiigi
1340 3085 1396 3134 vuit
1419 3091 1525 3146 praeter
1553 3091 1651 3136 ceteros

316 3161 362 3215 sua
392 3173 478 3214 seinte
506 3163 696 3214 dominantium
726 3165 877 3224 opinionem
898 3163 965 3212 hane
1002 3161 1172 3222 npoiioninm
1187 3163 1652 3227 hioiorsem,Ciceronispraecepto·

316 3247 433 3306 quietam
448 3243 643 3305 eiooucnnam.
663 3247 717 3293 suis
731 3242 894 3302 temporibus
908 3244 965 3290 uni·
1003 3255 1056 3290 rem
1084 3241 1170 3306 (Brut.
1197 3243 1247 3302 iti,
1279 3240 1371 3305 ste),
1408 3253 1435 3294 et
1466 3243 1651 3309 Hermagoran

315 3335 345 3373 ee
373 3330 476 3383 eptam,
508 3322 705 3384 praeferendam
734 3335 790 3373 esse
819 3323 900 3371 veteri
928 3321 964 3370 iiii
1001 3319 1150 3373 Temnites.
1181 3323 1236 3372 Cic.
1253 3323 1459 3384 lirut.13,5i:
1490 3321 1652 3374 emensio·

315 3409 412 3452 tantam
426 3405 495 3462 rim,
516 3408 567 3452 ιιιιι
588 3405 688 3453 ieroces
701 3404 808 3462 spiritus
823 3404 963 3459 emerenti,
1000 3403 1044 3450 tiei
1062 3408 1183 3452 oratores
1202 3417 1255 3452 non
1273 3402 1457 3453 contemmendi
1476 3405 1586 3465 quidem
1607 3417 1651 3454 nse

314 3489 365 3532 iam
384 3482 500 3542 denique
520 3481 649 3532 turbidae.
686 3481 752 3532 Vide
773 3485 850 3534 etism
871 3483 962 3530 iiitteri
1000 3482 1131 3530 eeisritote
1154 3495 1201 3531 nec
1225 3485 1320 3546 copie,
1347 3483 1390 3533 sed
1411 3495 1511 3544 porum
1528 3485 1613 3546 pressi
1630 3491 1652 3533 et

313 3562 458 3612 Ereusaum
477 3561 509 3610 ad
529 3561 556 3611 C.
573 3561 616 3611 ³5.
636 3587 664 3597 -
683 3562 739 3610 sisse
757 3560 888 3625 obsequio,
908 3561 964 3610 sine
1000 3563 1079 3609 nimis
1099 3561 1294 3611 redundantes:
1314 3561 1410 3611 niens
1427 3563 1550 3612 seniores
1567 3568 1593 3612 st
1610 3561 1652 3614 Ai-

312 3642 449 3702 servituis,
468 3637 622 3703 contumace]
645 3642 714 3690 iiaec
728 3641 835 3701 quidem
856 3640 962 3702 inteiiigi
1001 3641 1115 3689 cicorum
1141 3641 1289 3692 similiores.
1311 3668 1339 3680 -
1362 3639 1479 3705 errauit]
1502 3643 1652 3693 «fluctuavit

312 3730 449 3784 nequeunt
463 3734 512 3770 nec
525 3721 609 3782 piacet
622 3720 723 3770 i’iiisoei
742 3723 798 3769 sine
816 3721 961 3770 seueritate.
1002 3725 1071 3768 inter
1090 3720 1192 3770 diversa
1213 3724 1328 3779 partium
1349 3721 1435 3771 studia
1454 3727 1535 3785 atque
1557 3731 1652 3774 arecia

312 3801 379 3851 Vide
398 3813 430 3851 ne
449 3801 546 3850 inerit:
567 3801 624 3849 sine
641 3800 765 3864 obsequio
783 3797 866 3860 (quud
885 3809 963 3860 spon·
1000 3803 1041 3850 ria
1061 3800 1193 3850 deflerit.»
1213 3826 1244 3838 —
1272 3801 1360 3852 mutius
1376 3805 1585 3866 mopiairotuom
1601 3817 1653 3852 mo·

313 3889 418 3933 tantum
446 3879 511 3942 esi),
541 3882 570 3930 in
591 3881 718 3929 servituis
744 3887 904 3936 contumax,
936 3878 962 3928 id
1000 3868 1652 3942 uus]necisisoetsicbesinterpretaturosnoio

312 3970 366 4013 est:
404 3973 583 4024 «quamquam
614 3971 706 4020 reapse
736 3959 809 4020 piebs
838 3961 879 4010 iiia
908 3969 963 4009 erat
1000 3961 1227 4023 amspistratibus
1247 3969 1379 4013 oratorum
1407 3965 1507 4013 insanis
1534 3968 1653 4016 cerisari-

312 4042 480 4104 eiopuentiaa
495 4040 597 4090 iiiorum
613 4040 762 4101 principum
777 4042 887 4088 civitatis
900 4052 963 4088 ser·
1000 4040 1079 4089 nibus
1098 4052 1151 4088 noo
1170 4039 1305 4097 adhibito,
1333 4049 1359 4090 et
1379 4039 1505 4093 iieisiein
1526 4041 1560 4094 de
1579 4044 1653 4093 erre-

310 4133 354 4169 uo
373 4123 414 4178 iiis
429 4118 568 4179 obnoxia),
588 4120 656 4168 baud
674 4132 731 4169 raso
751 4126 837 4168 tamen
857 4119 961 4168 stuitam
1000 4129 1059 4169 nasa
1078 4127 1211 4169 oratorum
1233 4121 1339 4170 iiceuiia
1360 4131 1406 4180 per
1420 4125 1587 4186 magistrates
1601 4134 1651 4173 non

311 4207 392 4262 atque
404 4205 508 4252 inanem
521 4202 710 4249 contumaciam
722 4197 846 4248 adsersus
857 4202 962 4249 eosdem
1000 4203 1122 4248 coercita.
1140 4223 1169 4234 -
1188 4201 1256 4249 sicui
1268 4199 1415 4250 indomitus
1428 4198 1506 4265 uper]
1527 4201 1651 4254 Conferre

309 4289 456 4330 monstrare
483 4279 611 4330 sciebat.»
643 4281 761 4328 niterum
790 4285 879 4327 autern
906 4281 963 4328 siue
999 4282 1071 4328 iuuat
1097 4279 1254 4328 Frontonem
1288 4280 1336 4328 nc.
1363 4279 1440 4330 Rom.
1467 4280 1547 4332 1846.
1568 4295 1595 4343 p.
1616 4283 1650 4333 d:

310 4372 358 4422 per
383 4372 498 4411 errorem
526 4372 555 4410 er
585 4361 672 4418 priore
700 4361 762 4407 oriri
795 4365 906 4420 poterat.
930 4384 958 4394 -
997 4359 1056 4408 Nou
1082 4371 1162 4422 nepus
1186 4359 1341 4418 odoiescunt
1364 4363 1393 4412 iss
1416 4362 1547 4424 pomeriis
1566 4363 1652 4411 horta·

307 4453 382 4505 passm
399 4439 468 4489 euim
487 4435 631 4500 oratorem]
661 4437 716 4488 Cic.
740 4437 812 4487 Brut.
834 4435 885 4498 13,
905 4439 957 4487 5οι
996 4438 1076 4501 iisqne
1091 4437 1255 4494 ,orbureuioe
1278 4452 1360 4488 mono
1380 4439 1466 4490 eutice
1484 4443 1649 4506 eiectusque.

308 4521 370 4582 Quis
388 4521 455 4568 emim
474 4511 520 4568 ossi
540 4520 666 4578 Arpinum
686 4523 819 4567 oratorem
845 4523 893 4566 out
912 4518 959 4567 Co·
996 4522 1025 4566 ut
1051 4517 1100 4566 iiio
1126 4519 1154 4566 im
1182 4518 1314 4568 montibus
1338 4519 1458 4570 oeseaius
1483 4527 1509 4570 si
1533 4521 1606 4571 obiss
1629 4526 1652 4570 et

305 4601 432 4648 cinthium
450 4605 498 4648 out
520 4596 667 4646 Thebanum
686 4599 735 4646 seii
759 4596 839 4656 fuisse
863 4603 961 4658 tempo·
995 4597 1086 4647 marus
1104 4605 1127 4648 et
1145 4599 1250 4660 piceos,
1275 4611 1340 4662 quoe
1358 4607 1451 4663 sponte
1468 4606 1567 4658 mutue,
1596 4603 1650 4651 ss'ns

306 4679 463 4730 ribusiiiis?
481 4677 861 4741 ssisipoidsie‘iipuminondo,
881 4678 958 4727 docto
996 4679 1099 4728 ruitum
1126 4683 1150 4726 ei
1177 4680 1270 4728 ordine
1295 4681 1381 4739 situs,
1410 4679 1492 4730 nuliis
1522 4681 1650 4730 cuitoruas

306 4759 417 4815 homine,
431 4757 639 4820 suspicuritihet.
654 4756 957 4808 Lacedaemoniumosro
993 4757 1131 4808 tatoribus
1156 4770 1240 4821 meque
1264 4758 1371 4824 officiis,
1401 4761 1446 4810 sad
1468 4763 1556 4810 emtis
1573 4767 1650 4823 otras

306 4839 435 4900 usquead
447 4839 495 4886 isoe
512 4839 612 4899 tempus
628 4838 957 4901 uudioisuisseraeminem.
994 4837 1120 4888 imbribus
1139 4839 1297 4889 educuntur.
1319 4865 1347 4877 -
1375 4838 1511 4904 iustiores]
1530 4848 1560 4890 ιιι
1578 4840 1645 4904 Virg-

307 4915 395 4976 Quem
421 4919 506 4968 iocum
534 4921 649 4968 imitatus
674 4924 713 4967 est
737 4921 816 4968 etiam
843 4917 909 4967 Veii.
930 4920 956 4976 i,
995 4915 1043 4967 Ge.
1065 4916 1189 4975 i,3ss:
1217 4917 1293 4968 iustis
1312 4925 1440 4980 operetur
1458 4921 1487 4970 iss
1504 4920 1599 4971 herbis.
1618 4943 1647 4957 -

306 4995 349 5045 18.
372 5019 399 5030 -
428 4998 641 5058 esrtoimperio}
674 4997 736 5048 subi
757 4999 875 5047 omnium
894 5009 957 5047 con·
993 5000 1018 5047 st
1047 4992 1132 5058 tapes]
1171 4999 1351 5060 Sempronius.
1389 5019 1422 5034 -
1465 4995 1544 5063 besse]
1584 5011 1645 5050 aner

305 5087 383 5126 seusu
403 5087 433 5126 ac
451 5080 529 5128 certis
547 5077 651 5141 iegibus
671 5090 752 5139 penes
772 5089 955 5142 noomregem
994 5081 1058 5128 tenti
1084 5076 1149 5139 iuti,
1181 5086 1209 5130 ut
1229 5080 1321 5134 Cicero
1347 5084 1488 5142 propterea
1516 5079 1644 5144 periectas
