3698 5886
550 469 670 540 eman
697 467 724 538 r.
768 468 844 560 cap.
867 467 998 539 saca.
1019 473 1074 540 m.
1458 473 1499 540 ss

163 629 297 714 perdere
310 629 373 695 ieta
387 629 480 707 sciet,
502 630 622 698 dcnure
635 630 766 698 nesciet.
791 639 900 720 stupra
917 651 1001 700 nano
1022 639 1054 728 et
1073 631 1309 700 comissationes
1323 639 1355 699 st
1369 631 1502 702 semina·

163 763 232 808 ram
246 751 360 810 coetus
379 743 480 811 volvit
492 745 615 812 animo:
639 745 719 812 haec
739 746 933 832 principatus
953 749 1095 832 praemia
1117 753 1224 832 putat,
1249 767 1385 835 quornm
1400 746 1500 814 iibido

163 855 357 945 acroinptas
377 877 476 942 penes
495 859 599 942 ipsum
621 859 676 937 eit,
700 863 799 926 maor
818 879 855 926 ac
874 863 1012 926 dedecus
1029 881 1128 947 panes
1149 880 1272 928 omnes.
1301 881 1395 928 nemo
1417 862 1501 927 eninr

162 989 301 1056 anquam
329 967 499 1056 imperinm
530 969 650 1057 flagitio
685 973 862 1060 quaesitam
894 975 987 1040 bonis
1019 971 1138 1041 artibus
1170 975 1322 1042 exercuit.
1369 973 1501 1041 Galbam

162 1103 334 1150 somensac
348 1083 475 1170 generis
489 1087 636 1163 humani,
660 1103 710 1152 me
726 1087 824 1152 Galba
839 1085 1109 1154 consentientibus
1123 1086 1215 1155 vobis
1230 1089 1395 1154 Caesarem
1412 1087 1525 1158 disits

162 1199 262 1263 sires
281 1199 412 1285 publica
430 1205 462 1264 et
484 1204 609 1265 senatus
624 1207 658 1264 ct
670 1200 807 1285 populas
820 1220 918 1267 vacua
940 1203 1068 1267 nomina
1089 1209 1181 1280 sunt,
1204 1209 1326 1279 vestra,
1350 1200 1502 1269 commili-

162 1317 265 1387 tones,
287 1310 481 1379 interestne
502 1311 725 1401 imperatorem
745 1313 873 1400 pessimi
887 1312 1015 1380 iaciant.
1038 1313 1199 1399 legionum
1214 1315 1328 1382 seditio
1351 1313 1501 1382 adversas

162 1425 257 1490 daces
285 1445 363 1492 snos
391 1424 495 1492 andita
522 1432 572 1492 est
599 1424 784 1513 aliqnando:
821 1433 925 1492 restra
946 1425 1024 1494 fidas
1047 1425 1194 1513 famaque
1215 1427 1334 1496 iaiaesa
1356 1431 1395 1494 ad
1417 1432 1501 1494 hunc

162 1540 244 1604 diem
265 1540 392 1604 mansit.
428 1547 460 1604 et
483 1542 569 1605 Nero
593 1559 720 1626 qnoque
741 1527 800 1606 ¹ros
825 1537 980 1616 destituit,
1013 1561 1077 1607 non
1102 1561 1160 1608 ros
1186 1545 1359 1609 Neronem.
1397 1541 1501 1608 minus

161 1653 287 1736 triginta
315 1653 497 1737 transfugae
524 1659 557 1718 ei
582 1650 781 1731 desertores,
817 1673 897 1740 quos
926 1653 1143 1720 centurionem
1169 1663 1225 1722 aut
1251 1657 1414 1722 tribunum
1440 1653 1563 1722 stain.

161 1764 312 1850 eligentes
332 1785 426 1832 nemo
447 1765 565 1844 ierret,
594 1763 763 1852 imparium
784 1764 1015 1851 adsignabnntt
1048 1767 1214 1835 admittitis
1236 1769 1438 1855 exemplum?
1471 1779 1502 1838 et

54 1857 58 1863 ¹
160 1881 355 1967 qniemendo
376 1899 544 1947 commane
565 1879 684 1946 crimen
704 1879 828 1946 facitis?
851 1881 1051 1954 transcendet
1070 1879 1148 1947 iaaac
1167 1879 1292 1950 licentia
1313 1882 1347 1948 ia
1370 1885 1500 1970 provin·

162 1991 244 2073 desa
269 2002 302 2060 at
318 1989 358 2060 ad
371 2011 430 2060 nos
443 1991 596 2060 scelernm
611 1992 731 2071 exitus,
752 1993 909 2060 beliorum
925 1995 965 2058 ad
978 2013 1037 2061 ros
1050 1992 1263 2082 pertinebunt.
1288 2018 1349 2062 neo
1363 2004 1412 2063 est
1425 1999 1500 2082 pius

161 2104 245 2194 quod
267 2128 328 2192 pro
354 2110 452 2174 caede
475 2085 626 2194 principis
639 2083 740 2192 'mam
764 2109 849 2193 qnod
872 2106 1092 2174 innocentibus
1110 2105 1222 2186 datur,
1251 2107 1308 2176 sed
1330 2110 1500 2196 penades

159 2217 251 2286 nobie
272 2221 453 2288 donadeum
471 2218 512 2287 ab
533 2218 627 2286 iidem
646 2239 742 2306 qaam
764 2222 805 2286 ab
822 2221 892 2286 aiiis
912 2239 973 2306 pro
993 2219 1134 2288 iocinore
1153 2221 1348 2306 accipietis.»
1373 2219 1435 2309 (aa)
1454 2223 1540 2300 di-2s

160 2331 254 2420 ispsie
275 2331 547 2421 speculatoribus,
571 2341 677 2400 cetera
699 2332 814 2400 cohors
835 2353 901 2400 non
922 2341 1087 2420 aspernata
1104 2333 1359 2415 contionantem,
1382 2344 1417 2402 at
1433 2343 1502 2404 tun

160 2447 240 2514 hidis
259 2445 357 2514 rebus
378 2445 498 2525 evcnit,
520 2448 603 2514 sorte
623 2448 722 2532 magis
737 2457 768 2515 et
781 2446 870 2514 nuiio
890 2448 993 2514 adhuc
1012 2447 1146 2515 consssio
1164 2455 1253 2533 perat
1272 2450 1364 2535 signa
1395 2471 1497 2536 quamn

226 2621 253 2673 1.
273 2622 474 2673 comessationes
493 2620 529 2671 ii.
549 2639 581 2658 -·
608 2619 636 2673 Β.
655 2621 700 2672 tec
717 2621 755 2672 Μ.
777 2647 806 2660 -
839 2620 864 2673 ³.
883 2621 961 2672 decus
978 2621 1016 2672 Μ.
1037 2619 1125 2674 Gauii.
1146 2620 1217 2683 spir.
1236 2619 1356 2675 Correxit
1372 2622 1502 2675 Puteoia-

160 2703 217 2742 aas.
238 2715 268 2728 -
296 2693 324 2743 i.
344 2703 470 2756 nmpnasn
485 2692 525 2745 Μ.
546 2715 575 2728 -
594 2691 620 2743 5.
641 2704 694 2744 css.
713 2693 751 2746 Μ.
771 2718 801 2730 -
821 2691 848 2743 e.
868 2705 950 2755 resp.
969 2693 1009 2744 Μ.
1023 2717 1055 2728 -
1073 2693 1219 2745 cacuaiiic
1239 2707 1312 2744 uana
1330 2705 1390 2745 anm
1411 2693 1500 2746 (iasii.

160 2761 231 2814 tisri.
252 2761 331 2813 Bodi.
352 2765 404 2814 ies.
425 2762 502 2814 corb.
525 2761 629 2814 Patent.
648 2763 681 2812 Β.
706 2785 740 2798 -
765 2761 793 2814 7.
813 2762 941 2814 aduncas
957 2763 1005 2814 M:
1023 2763 1162 2814 adversum
1180 2762 1212 2813 Β.
1233 2787 1261 2799 -
1293 2763 1320 2815 8.
1339 2765 1391 2831 fide
1408 2763 1448 2815 Μ.
1468 2790 1499 2803 -

159 2831 204 2882 ini.
222 2833 268 2884 it:
287 2831 327 2884 iti.
346 2833 377 2884 a.
400 2857 428 2872 -
453 2835 496 2885 11.
516 2833 575 2884 ada.
589 2833 636 2886 ii:
655 2845 709 2885 oss·
729 2833 761 2882 Β.
781 2857 810 2872 -
836 2835 880 2884 12.
900 2840 980 2885 traso.
998 2833 1037 2884 Μ.
1058 2858 1088 2872 -
1109 2834 1153 2884 ii.
1171 2833 1252 2896 piade
1274 2846 1333 2885 cnm
1350 2849 1371 2898 p
1388 2836 1500 2887 caudato

158 2903 289 2968 (proinde)
308 2904 347 2955 Μ.
371 2926 404 2943 -
434 2905 476 2954 15.
499 2904 626 2954 donatiuo
644 2902 692 2964 Μ,
715 2904 785 2966 quod
808 2906 909 2964 recepit
929 2903 1069 2955 Waitircr:
1095 2903 1211 2954 «dietam
1230 2909 1309 2963 esta,
1329 2908 1435 2967 inanit,
1456 2909 1500 2957 sin

159 2972 264 3024 modam
277 2972 406 3026 iarmoiae
418 2974 647 3036 decanorum.»
667 2975 786 3026 canerit
804 2973 836 3025 Β.
855 2975 1008 3024 donatiuum
1025 2973 1143 3025 scribens
1163 2987 1209 3036 pro
1229 2975 1345 3035 priorum
1365 2976 1434 3028 iidd.
1454 2977 1500 3026 do·

157 3046 286 3096 anticum.
302 3069 334 3081 -
348 3045 393 3094 ia.
407 3046 606 3096 concionantem
617 3045 645 3096 Μ
665 3045 703 3102 (h.
720 3042 760 3108 i.),
785 3045 816 3094 Β.
831 3069 864 3083 -
882 3043 926 3096 17.
938 3045 1034 3106 menn,
1050 3040 1228 3108 [ascenscio]
1249 3047 1366 3097 sacntior
1379 3054 1404 3097 te
1415 3049 1501 3114 napis

157 3111 195 3164 Μ.
214 3115 335 3168 Correxit
349 3114 476 3166 Picisena.
491 3141 520 3152 -
540 3120 564 3166 st
581 3127 636 3165 non
647 3115 719 3166 nnita
737 3115 775 3166 Μ.
796 3114 915 3166 Correxit
926 3115 1133 3167 Freinshemius.
1152 3111 1189 3176 (et
1205 3125 1261 3165 non
1277 3115 1333 3166 atio
1351 3120 1501 3179 suspicatos

158 3193 196 3236 est
213 3185 319 3245 littter;
349 3187 451 3248 recepit
468 3182 620 3248 Desinet.)
638 3209 673 3220 -
691 3197 746 3248 par
762 3186 856 3250 stpnas
868 3187 908 3236 Μ.
927 3185 1079 3236 tiorsectnra
1099 3187 1125 3235 in
1143 3184 1213 3236 Bud.
1233 3190 1261 3236 et
1278 3185 1348 3247 spir.
1367 3185 1443 3250 (pars
1459 3190 1501 3238 tn·

157 3269 217 3319 pou
230 3255 338 3317 Gauii..
359 3264 389 3308 at
400 3255 504 3309 sciebat
518 3250 643 3321 Lipsius.)
652 3279 686 3292 -
700 3255 781 3307 iieeat
791 3269 871 3322 quam
880 3256 918 3310 Μ.
932 3255 1263 3309 lassmttrretasnemtas.
1278 3252 1392 3317 (evenit.
1406 3260 1500 3310 tinore

155 3329 241 3391 noan
263 3332 289 3379 et
310 3327 438 3380 nannatto
456 3325 896 3392 adtacconsttto‚porotstpna,
915 3325 1062 3392 quodcum
1080 3325 1212 3379 Berasido
1231 3327 1375 3390 watenes.)

187 3470 232 3524 Β).
250 3469 351 3537 mota]
376 3473 442 3525 Voc.
461 3478 516 3537 eat,
545 3472 619 3537 quad
642 3483 714 3525 nuuc
736 3471 807 3536 apud
846 3473 949 3537 suopte
966 3472 1120 3532 concordat,
1138 3477 1248 3526 notante
1260 3471 1410 3536 Waitisero,
1428 3473 1498 3527 Ptin.

154 3553 273 3605 Taciturn
286 3553 372 3606 satam
385 3553 511 3616 reperias.
523 3551 595 3604 Ana.
606 3553 705 3612 15,ss
717 3551 806 3605 tieem.
846 3553 915 3616 iipp.
934 3552 962 3613 a,
982 3551 1017 3604 ds
1041 3551 1079 3606 Ne
1096 3552 1145 3603 ctas
1162 3555 1277 3618 optimas
1295 3553 1394 3606 indatio
1409 3556 1501 3606 tacent

155 3633 180 3685 s.
202 3657 231 3672 ·-
250 3635 368 3686 aantaans
390 3635 559 3696 inperatoris
585 3628 685 3699 apseet]
711 3633 808 3684 «reiut
845 3634 1011 3696 quorundam
1025 3634 1055 3684 tn
1071 3645 1161 3686 ncsnac
1177 3634 1288 3686 tamne
1305 3635 1390 3698 specie
1407 3634 1501 3700 trapa·

154 3714 245 3766 tutuo
262 3715 378 3766 amicam
397 3725 426 3765 se
442 3713 555 3766 Neronis
582 3713 754 3767 simularet.»
773 3737 805 3750 -
845 3713 932 3765 iitan'a
958 3714 1091 3776 inponat.
1118 3739 1147 3754 ·-
1175 3727 1266 3766 cacan
1290 3711 1412 3779 notatae]
1440 3716 1500 3768 itae

154 3791 314 3858 munstar]
342 3793 480 3846 Ernestias
506 3793 639 3846 immerito
668 3795 806 3856 proposuit
844 3803 908 3844 sana
925 3795 1011 3845 cartas
1031 3806 1111 3857 qaam
1129 3807 1211 3853 oona,
1231 3795 1305 3859 quad
1318 3807 1333 3847 e
1346 3795 1423 3860 piaes-
1436 3798 1500 3848 suit·

156 3879 275 3927 maur.
295 3873 364 3924 iiind
384 3881 442 3927 estc
461 3865 507 3944 ἆρ’
526 3867 611 3938 ἄξιος
625 3868 665 3926 ἄν
687 3869 734 3939 εἴη
755 3868 806 3924 uai-
844 3874 965 3925 attatum
983 3879 1042 3929 est,
1062 3879 1090 3925 et
1105 3874 1201 3925 tnontu
1219 3873 1354 3931 fl.t,1t.
1382 3875 1497 3929 senense

156 3954 368 4026 saapueoptucc
398 3953 475 4004 saitta
498 3965 528 4004 sc
551 3952 622 4004 soii
647 3952 806 4005 medionon?
846 3953 890 4004 ast
910 3960 1015 4006 senatus
1033 3959 1060 4005 et
1078 3953 1191 4016 papatus
1218 3955 1270 4006 iam
1296 3957 1426 4018 impedire
1452 3969 1499 4009 ne·

158 4032 185 4082 is
201 4037 292 4085 antaeo
318 4037 407 4087 satem
434 4033 537 4086 Pisonis
563 4033 656 4086 inseret
682 4034 806 4097 mactatio
845 4039 957 4099 queunt,
986 4035 1130 4099 quominus
1157 4032 1198 4086 rei
1226 4038 1355 4096 pessimas
1383 4039 1497 4102 caisano

159 4111 287 4166 ottonem
306 4125 361 4165 noa
380 4117 475 4166 mereri
495 4115 647 4176 imperinm.
666 4113 754 4164 Bacn.
774 4139 803 4153 ·-
845 4116 993 4177 principatu
1017 4117 1149 4176 potiatur,
1171 4119 1258 4167 vestm
1276 4118 1404 4180 interest,
1425 4127 1499 4180 prae·

160 4190 296 4254 immam,
316 4194 408 4259 petias
425 4219 435 4232 ·
453 4221 465 4235 -
481 4189 604 4258 inponit]
626 4193 685 4245 Noa
706 4199 746 4244 est
764 4193 808 4244 tri·
845 4196 957 4254 toriaai,
986 4193 1056 4244 maio
1077 4195 1141 4246 irato
1159 4194 1298 4257 obsistere,
1317 4198 1388 4260 qaod
1407 4199 1433 4247 in
1452 4210 1498 4249 roe

161 4272 215 4334 aida
230 4272 428 4340 sausoioyta,
447 4275 486 4324 ntt
499 4275 586 4323 risum
601 4273 740 4333 decentio:
755 4272 806 4336 fni·
844 4277 915 4337 ipsos
934 4275 1101 4335 potissimam
1120 4273 1332 4327 redundaturum
1351 4282 1447 4328 essene
1464 4301 1497 4312 -

159 4350 244 4402 tamtan
261 4358 312 4414 est,
341 4351 564 4416 quamadmodum
592 4366 664 4404 nanc
691 4354 805 4412 dicant,
843 4352 1089 4405 transcendetiaac
1106 4353 1223 4420 ticenttn]
1248 4356 1296 4407 iiis
1312 4355 1400 4408 verbis
1423 4368 1497 4417 prae·

157 4431 348 4492 saiieetirum,
374 4444 447 4484 orror
471 4435 546 4495 ipse,
574 4435 674 4496 imponi
697 4433 806 4486 obiecti·
844 4435 1005 4485 toriaaoram
1025 4433 1225 4495 despicientiam
1250 4439 1277 4486 ia
1304 4436 1421 4499 testones
1451 4449 1498 4499 par

156 4525 213 4564 vam
231 4516 288 4566 sire
307 4524 386 4564 cauea
404 4516 509 4564 erroris.
528 4514 602 4565 iied.
621 4526 736 4566 errorem
749 4525 806 4577 spe·
845 4515 994 4576 provincias
1011 4513 1149 4566 cotiocatas
1169 4517 1276 4566 oscitat.
1312 4515 1392 4566 Subit
1408 4522 1497 4568 tomes

156 4593 218 4643 steaa
235 4599 324 4644 ortum
343 4605 376 4644 ex
393 4592 636 4644 accommodatione
663 4592 696 4645 ad
716 4606 741 4644 a.
765 4593 806 4643 in·
844 4595 942 4654 mirari,
963 4605 1011 4644 cur
1028 4606 1129 4645 mercar
1146 4606 1199 4645 aaa
1212 4592 1302 4653 inerit,
1316 4597 1391 4646 inam
1411 4597 1497 4656 ipssm

155 4673 229 4734 pcsttt
246 4671 394 4724 admodum
414 4677 533 4725 cantone
551 4674 667 4724 vindicat
681 4673 804 4726 Bactriae.
843 4673 976 4725 itceatiasn
993 4673 1065 4725 hand
1084 4673 1129 4725 dia
1149 4680 1210 4726 ante
1228 4684 1243 4725 a
1262 4672 1363 4725 Gaiana
1377 4680 1495 4728 exercita

158 4764 302 4814 upsaens:
334 4750 487 4804 etaituntnr
512 4754 549 4812 a,
577 4752 674 4818 quibas
704 4751 805 4804 aeruna
843 4755 895 4804 iam
920 4759 1074 4816 usnrpstam
1101 4765 1169 4806 ease.
1189 4774 1223 4791 -
1249 4753 1373 4806 eceteram
1393 4754 1495 4823 eman]

159 4835 267 4893 spectans
293 4831 459 4884 iiiteraittatis
483 4833 593 4883 iniicere
620 4832 746 4891 ridetur:
778 4831 804 4882 id
843 4832 937 4884 caedes
955 4840 1055 4894 nostra,
1076 4836 1234 4896 principum.

159 4919 204 4966 cat,
219 4912 315 4977 patius
335 4911 448 4963 Othonis
466 4912 568 4964 iuxuria
586 4910 726 4964 iiberaiitas
747 4923 805 4964 oeae
877 4913 922 4964 aa.
941 4908 1158 4975 spacaiatoetdas]
1179 4910 1295 4973 additis.
1320 4920 1351 4966 ut
1374 4919 1496 4980 primori.

157 4994 206 5044 stes
228 5007 260 5046 ar
278 4991 439 5044 itiaersittate
457 4991 728 5044 manaucandum.»
748 4991 806 5042 iioc
843 4991 911 5050 aas,
930 4991 1048 5050 sonasti,
1076 5002 1144 5054 pune
1170 4990 1200 5040 tn
1223 4991 1331 5045 mutto
1354 5000 1497 5050 teutonem

159 5073 260 5138 paidom
283 5077 409 5134 rectam,
442 5072 489 5124 sed
512 5083 553 5126 rs.
573 5071 682 5134 pecten
702 5072 807 5134 isapontt
844 5069 940 5136 opstat
957 5068 992 5134 (c.
1010 5065 1077 5133 ΒΜ),
1095 5070 1141 5133 aui
1160 5071 1265 5123 ismiam
1283 5080 1401 5141 corrupti
1421 5085 1498 5134 erant

156 5153 217 5210 iaec
233 5155 373 5211 sententis
403 5152 512 5216 exprimi
542 5149 678 5218 aequmst.
717 5150 805 5217 itane
843 5151 877 5205 ab
890 5149 1121 5214 Othonactasaao
1134 5151 1494 5222 internuntiis-stantia]
